01REMESSA01COBRANCA       817800093673        União Umb dos Cultos Afro Bra341BANCO ITAU SA  270318                                                                                                                                                                                                                                                                                                      000001
10231987175000168817800093673    000014268                    000142680000000000000109                     I0114268     27041800000000340003410000017N270318104700000000000102704180000000000000000000000000000000000000000200000000000723ROSA MONIQUE SPIZA DA SILVA             RUA COSTA JUNIOR, 11                    VILA KENEDY 21853280RIO DE JANEIRO RJUNIAO UMB DOS CULTOS AFRO BRAS    27041810 000002
10231987175000168817800093673    000014267                    000142670000000000000109                     I0114267     30051800000000035003410000017N270318104700000000000103005180000000000000000000000000000000000000000100000000012088ANDREZA SALDANHA DA CRUZ                RUA ANA APARICIO LT 19 QD 11 - NV EUDORABELFORD ROXO26125550BELFORD ROXO   RJUNIAO UMB DOS CULTOS AFRO BRAS    30051810 000003
10231987175000168817800093673    000014266                    000142660000000000000109                     I0114266     30041800000000035003410000017N270318104700000000000103004180000000000000000000000000000000000000000100000000012088ANDREZA SALDANHA DA CRUZ                RUA ANA APARICIO LT 19 QD 11 - NV EUDORABELFORD ROXO26125550BELFORD ROXO   RJUNIAO UMB DOS CULTOS AFRO BRAS    30041810 000004
10231987175000168817800093673    000014265                    000142650000000000000109                     I0114265     30051800000000035003410000017N270318104700000000000103005180000000000000000000000000000000000000000100007337231792SAMANTHA PRISCILA MARQUES MORE          RUA INSPETOR CASTRO                     SARACURUNA  25211410DUQUE DE CAXIASRJUNIAO UMB DOS CULTOS AFRO BRAS    30051810 000005
10231987175000168817800093673    000014264                    000142640000000000000109                     I0114264     30041800000000035003410000017N270318104700000000000103004180000000000000000000000000000000000000000100007337231792SAMANTHA PRISCILA MARQUES MORE          RUA INSPETOR CASTRO                     SARACURUNA  25211410DUQUE DE CAXIASRJUNIAO UMB DOS CULTOS AFRO BRAS    30041810 000006
10231987175000168817800093673    000014263                    000142630000000000000109                     I0114263     30051800000000035003410000017N270318104700000000000103005180000000000000000000000000000000000000000100060044055749SUELY DE FARIAS EDUARDO                 TRAVESSA: JAFIA                         CIDADE DE DE22772190RIO DE JANEIRO RJUNIAO UMB DOS CULTOS AFRO BRAS    30051810 000007
10231987175000168817800093673    000014262                    000142620000000000000109                     I0114262     30041800000000035003410000017N270318104700000000000103004180000000000000000000000000000000000000000100060044055749SUELY DE FARIAS EDUARDO                 TRAVESSA: JAFIA                         CIDADE DE DE22772190RIO DE JANEIRO RJUNIAO UMB DOS CULTOS AFRO BRAS    30041810 000008
10231987175000168817800093673    000014261                    000142610000000000000109                     I0114261     31051800000000035003410000017N260318104700000000000103105180000000000000000000000000000000000000000100005215642710ROBERTA LIMA GRIJO                      RUA FLORANIA, 475                       VISTA ALEGRE21230700RIO DE JANEIRO RJUNIAO UMB DOS CULTOS AFRO BRAS    31051810 000009
10231987175000168817800093673    000014260                    000142600000000000000109                     I0114260     30051800000000035003410000017N230318104700000000000103005180000000000000000000000000000000000000000100013118884703WESLEI FERREIRA DE CARVALHO             ESTRADA DO GUERENGUE                    TAQUARA     22713004RIO DE JANEIRO RJUNIAO UMB DOS CULTOS AFRO BRAS    30051810 000010
10231987175000168817800093673    000014259                    000142590000000000000109                     I0114259     30041800000000035003410000017N230318104700000000000103004180000000000000000000000000000000000000000100013118884703WESLEI FERREIRA DE CARVALHO             ESTRADA DO GUERENGUE                    TAQUARA     22713004RIO DE JANEIRO RJUNIAO UMB DOS CULTOS AFRO BRAS    30041810 000011
10231987175000168817800093673    000014258                    000142580000000000000109                     I0114258     06041800000000595003410000017N230318104700000000000100604180000000000000000000000000000000000000000100090100328768VANDA DA SILVA MARQUES                  RUA TAIUVA, 117 FUNDOS                  PADRE MIGUEL21775450RIO DE JANEIRO RJUNIAO UMB DOS CULTOS AFRO BRAS    06041810 000012
10231987175000168817800093673    000014257                    000142570000000000000109                     I0114257     05041800000000350003410000017N220318104700000000000100504180000000000000000000000000000000000000000100088504794768FATIMA MARIA DE OLIVEIRA                RUA TELMA, 22                           CABUCU - JAR26291266NOVA IGUACU    RJUNIAO UMB DOS CULTOS AFRO BRAS    05041810 000013
10231987175000168817800093673    000014256                    000142560000000000000109                     I0114256     30031800000000140003410000017N220318104700000000000103003180000000000000000000000000000000000000000100000559929781KLEBER SIQUEIRA CUNHA                   ESTRADA DO PIAI N 300                   GUARATIBA - 23028050RIO DE JANEIRO RJUNIAO UMB DOS CULTOS AFRO BRAS    30031810 000014
10231987175000168817800093673    000014254                    000142540000000000000109                     I0214254     30031800000000105003410000017N210318104700000000000103003180000000000000000000000000000000000000000100023061928715NICEAS FERREIRA BRITO FILHO             RUA ALBINO PAIVA, 486                   SENADOR CAMA21830490RIO DE JANEIRO RJUNIAO UMB DOS CULTOS AFRO BRAS    30031810 000015
10231987175000168817800093673    000014194                    000141940000000000000109                     I0214194     22031800000000175003410000017N120318104700000000000102203180000000000000000000000000000000000000000100001582280738NATALICIA LOPES PEREIRA                 ALAMEDA JORGINHO, 36 LOTE 11 QUADRA 24  FRAGOSO - MA29000000MAGE           RJUNIAO UMB DOS CULTOS AFRO BRAS    22031810 000016
10231987175000168817800093673    000013905                    000139050000000000000109                     I0213905     30051800000000035003410000017N200218104700000000000103005180000000000000000000000000000000000000000100001343022738LUCIANA FIGUEIRO COUTINHO DA S          O MESMO                                 O MESMO     22785600RIO DE JANEIRO RJUNIAO UMB DOS CULTOS AFRO BRAS    30051810 000017
10231987175000168817800093673    000013840                    000138400000000000000109                     I0213840     30051800000000035003410000017N200218104700000000000103005180000000000000000000000000000000000000000100090618254749NELY MOREIRA GOMES                      RUA GOMES CARNEIRO SN LOTE 12 QUADRA 60 SARACURUNA -25211050DUQUE DE CAXIASRJUNIAO UMB DOS CULTOS AFRO BRAS    30051810 000018
10231987175000168817800093673    000012932                    000129320000000000000109                     I0212932     30051800000000035003410000017N200218104700000000000103005180000000000000000000000000000000000000000100005426043701CLARA DANIELE BROWN FLAUZINO            RUA ZAMBIA N 29                         BANGU - RIO 21850510RIO DE JANEIRO RJUNIAO UMB DOS CULTOS AFRO BRAS    30051810 000019
10231987175000168817800093673    000012767                    000127670000000000000109                     I0212767     30051800000000035003410000017N200218104700000000000103005180000000000000000000000000000000000000000100081628811749MAURO JOSE DE AZEVEDO FALCAO            RUA: LEOPOLDO MACHADO Nº 121 - BOA ESPENOVA IGUACU 26130680NOVA IGUACU    RJUNIAO UMB DOS CULTOS AFRO BRAS    30051810 000020
10231987175000168817800093673    000012571                    000125710000000000000109                     I0212571     30051800000000035003410000017N200218104700000000000103005180000000000000000000000000000000000000000100032615515772WALDEMIR JOSE ALVES                     RUA FLORIANO DE GODOI, 814 CASA 1       25 DE AGOSTO25085050DUQUE DE CAXIASRJUNIAO UMB DOS CULTOS AFRO BRAS    30051810 000021
10231987175000168817800093673    000012358                    000123580000000000000109                     I0212358     30051800000000035003410000017N200218104700000000000103005180000000000000000000000000000000000000000100000155439782ADIR GOMES DA SILVA                     RUA DOUTOR JOSE THOMAS, 85              PAVUNA - RIO21520020RIO DE JANEIRO RJUNIAO UMB DOS CULTOS AFRO BRAS    30051810 000022
10231987175000168817800093673    000012337                    000123370000000000000109                     I0212337     30051800000000035003410000017N200218104700000000000103005180000000000000000000000000000000000000000200000000001151MARIA APARECIDA LOPES DA SILVA          AV SAMPAIO CORREA Nº 109 - COLONIA     JACAREPAGUA 22713650RIO DE JANEIRO RJUNIAO UMB DOS CULTOS AFRO BRAS    30051810 000023
10231987175000168817800093673    000012296                    000122960000000000000109                     I0212296     30041800000000035003410000017N200218104700000000000103004180000000000000000000000000000000000000000100001343022738LUCIANA FIGUEIRO COUTINHO DA S          O MESMO                                 O MESMO     22785600RIO DE JANEIRO RJUNIAO UMB DOS CULTOS AFRO BRAS    30041810 000024
10231987175000168817800093673    000012231                    000122310000000000000109                     I0212231     30041800000000035003410000017N200218104700000000000103004180000000000000000000000000000000000000000100090618254749NELY MOREIRA GOMES                      RUA GOMES CARNEIRO SN LOTE 12 QUADRA 60 SARACURUNA -25211050DUQUE DE CAXIASRJUNIAO UMB DOS CULTOS AFRO BRAS    30041810 000025
10231987175000168817800093673    000011323                    000113230000000000000109                     I0211323     30041800000000035003410000017N200218104700000000000103004180000000000000000000000000000000000000000100005426043701CLARA DANIELE BROWN FLAUZINO            RUA ZAMBIA N 29                         BANGU - RIO 21850510RIO DE JANEIRO RJUNIAO UMB DOS CULTOS AFRO BRAS    30041810 000026
10231987175000168817800093673    000011158                    000111580000000000000109                     I0211158     30041800000000035003410000017N200218104700000000000103004180000000000000000000000000000000000000000100081628811749MAURO JOSE DE AZEVEDO FALCAO            RUA: LEOPOLDO MACHADO Nº 121 - BOA ESPENOVA IGUACU 26130680NOVA IGUACU    RJUNIAO UMB DOS CULTOS AFRO BRAS    30041810 000027
10231987175000168817800093673    000010962                    000109620000000000000109                     I0210962     30041800000000035003410000017N200218104700000000000103004180000000000000000000000000000000000000000100032615515772WALDEMIR JOSE ALVES                     RUA FLORIANO DE GODOI, 814 CASA 1       25 DE AGOSTO25085050DUQUE DE CAXIASRJUNIAO UMB DOS CULTOS AFRO BRAS    30041810 000028
10231987175000168817800093673    000010749                    000107490000000000000109                     I0210749     30041800000000035003410000017N200218104700000000000103004180000000000000000000000000000000000000000100000155439782ADIR GOMES DA SILVA                     RUA DOUTOR JOSE THOMAS, 85              PAVUNA - RIO21520020RIO DE JANEIRO RJUNIAO UMB DOS CULTOS AFRO BRAS    30041810 000029
10231987175000168817800093673    000010728                    000107280000000000000109                     I0210728     30041800000000035003410000017N200218104700000000000103004180000000000000000000000000000000000000000200000000001151MARIA APARECIDA LOPES DA SILVA          AV SAMPAIO CORREA Nº 109 - COLONIA     JACAREPAGUA 22713650RIO DE JANEIRO RJUNIAO UMB DOS CULTOS AFRO BRAS    30041810 000030
10231987175000168817800093673    000010689                    000106890000000000000109                     I0210689     30031800000000035003410000017N200218104700000000000103003180000000000000000000000000000000000000000100023970090563MARCIA VIEIRA SALES                     O MESMO                                 O MESMO     22740220RIO DE JANEIRO RJUNIAO UMB DOS CULTOS AFRO BRAS    30031810 000031
10231987175000168817800093673    000010687                    000106870000000000000109                     I0210687     30031800000000035003410000017N200218104700000000000103003180000000000000000000000000000000000000000100001343022738LUCIANA FIGUEIRO COUTINHO DA S          O MESMO                                 O MESMO     22785600RIO DE JANEIRO RJUNIAO UMB DOS CULTOS AFRO BRAS    30031810 000032
10231987175000168817800093673    000010622                    000106220000000000000109                     I0210622     30031800000000035003410000017N200218104700000000000103003180000000000000000000000000000000000000000100090618254749NELY MOREIRA GOMES                      RUA GOMES CARNEIRO SN LOTE 12 QUADRA 60 SARACURUNA -25211050DUQUE DE CAXIASRJUNIAO UMB DOS CULTOS AFRO BRAS    30031810 000033
10231987175000168817800093673    000010473                    000104730000000000000109                     I3410473     30031800000000035003410000017N200218104700000000000103003180000000000000000000000000000000000000000100001430160754RITA DE CASSIA CORMACK DE CARV          RUA MANOEL IVO N 58                     VILA TRES - 24711030SAO GONCALO    RJUNIAO UMB DOS CULTOS AFRO BRAS    30031810 000034
10231987175000168817800093673    000010424                    000104240000000000000109                     I0210424     30031800000000035003410000017N200218104700000000000103003180000000000000000000000000000000000000000100005474832796VANESSA MANTUANO FERNANDES              RUA CANINDE N 29 CASA 1                 JACARE - RIO20975010RIO DE JANEIRO RJUNIAO UMB DOS CULTOS AFRO BRAS    30031810 000035
10231987175000168817800093673    000010281                    000102810000000000000109                     I0210281     30031800000000035003410000017N200218104700000000000103003180000000000000000000000000000000000000000100007429687741MAURO ROBERTO NEVES DA HORA             RUA BRAS CUBAS, 112 BLOCO 3 APTO 106    CONDOMINIO P21520030RIO DE JANEIRO RJUNIAO UMB DOS CULTOS AFRO BRAS    30031810 000036
10231987175000168817800093673    000010120                    000101200000000000000109                     I0210120     30031800000000035003410000017N200218104700000000000103003180000000000000000000000000000000000000000100023061928715NICEAS FERREIRA BRITO FILHO             RUA ALBINO PAIVA, 486                   SENADOR CAMA21830490RIO DE JANEIRO RJUNIAO UMB DOS CULTOS AFRO BRAS    30031810 000037
10231987175000168817800093673    000010062                    000100620000000000000109                     I0210062     30031800000000035003410000017N200218104700000000000103003180000000000000000000000000000000000000000100091156386772MARILENE PEREIRA DOS SANTOS CO          ESTRADA DO PORTELA  694                 OSVALDO CRUZ21351050RIO DE JANEIRO RJUNIAO UMB DOS CULTOS AFRO BRAS    30031810 000038
10231987175000168817800093673    00009896                     000098960000000000000109                     I029896      30031800000000035003410000017N200218104700000000000103003180000000000000000000000000000000000000000100057232350791NELSON CARNEIRO DA SILVA                RUA MATO GROSSO, 73                     SAPE - NITER24315460NITEROI        RJUNIAO UMB DOS CULTOS AFRO BRAS    30031810 000039
10231987175000168817800093673    00009827                     000098270000000000000109                     I029827      30031800000000035003410000017N200218104700000000000103003180000000000000000000000000000000000000000100059374179768ROSANGELA MARIA DE CASTRO BEZE          RUA DONA ISABEL, 1170                   BONSUCESSO -21032060RIO DE JANEIRO RJUNIAO UMB DOS CULTOS AFRO BRAS    30031810 000040
10231987175000168817800093673    00009714                     000097140000000000000109                     I029714      30031800000000035003410000017N200218104700000000000103003180000000000000000000000000000000000000000100005426043701CLARA DANIELE BROWN FLAUZINO            RUA ZAMBIA N 29                         BANGU - RIO 21850510RIO DE JANEIRO RJUNIAO UMB DOS CULTOS AFRO BRAS    30031810 000041
10231987175000168817800093673    00009549                     000095490000000000000109                     I029549      30031800000000035003410000017N200218104700000000000103003180000000000000000000000000000000000000000100081628811749MAURO JOSE DE AZEVEDO FALCAO            RUA: LEOPOLDO MACHADO Nº 121 - BOA ESPENOVA IGUACU 26130680NOVA IGUACU    RJUNIAO UMB DOS CULTOS AFRO BRAS    30031810 000042
10231987175000168817800093673    00009353                     000093530000000000000109                     I029353      30031800000000035003410000017N200218104700000000000103003180000000000000000000000000000000000000000100032615515772WALDEMIR JOSE ALVES                     RUA FLORIANO DE GODOI, 814 CASA 1       25 DE AGOSTO25085050DUQUE DE CAXIASRJUNIAO UMB DOS CULTOS AFRO BRAS    30031810 000043
10231987175000168817800093673    00009214                     000092140000000000000109                     I029214      30031800000000035003410000017N200218104700000000000103003180000000000000000000000000000000000000000100054571715743VILMA OLIVEIRA DOS SANTOS               RUA CORREIA DIAS, 1066                  VIGARIO GERA21241310RIO DE JANEIRO RJUNIAO UMB DOS CULTOS AFRO BRAS    30031810 000044
10231987175000168817800093673    00009140                     000091400000000000000109                     I029140      30031800000000035003410000017N200218104700000000000103003180000000000000000000000000000000000000000100000155439782ADIR GOMES DA SILVA                     RUA DOUTOR JOSE THOMAS, 85              PAVUNA - RIO21520020RIO DE JANEIRO RJUNIAO UMB DOS CULTOS AFRO BRAS    30031810 000045
10231987175000168817800093673    00009119                     000091190000000000000109                     I029119      30031800000000035003410000017N200218104700000000000103003180000000000000000000000000000000000000000200000000001151MARIA APARECIDA LOPES DA SILVA          AV SAMPAIO CORREA Nº 109 - COLONIA     JACAREPAGUA 22713650RIO DE JANEIRO RJUNIAO UMB DOS CULTOS AFRO BRAS    30031810 000046
10231987175000168817800093673    00009111                     000091110000000000000109                     I029111      05051800000000175003410000017N200218104700000000000100505180000000000000000000000000000000000000000100090100328768VANDA DA SILVA MARQUES                  RUA TAIUVA, 117 FUNDOS                  PADRE MIGUEL21775450RIO DE JANEIRO RJUNIAO UMB DOS CULTOS AFRO BRAS    05051810 000047
10231987175000168817800093673    00009110                     000091100000000000000109                     I029110      05041800000000175003410000017N200218104700000000000100504180000000000000000000000000000000000000000100090100328768VANDA DA SILVA MARQUES                  RUA TAIUVA, 117 FUNDOS                  PADRE MIGUEL21775450RIO DE JANEIRO RJUNIAO UMB DOS CULTOS AFRO BRAS    05041810 000048
10231987175000168817800093673    00008320                     000083200000000000000109                     I028320      28021800000000035003410000017N291217104700000000000102802180000000000000000000000000000000000000000100067560555772ADELSON RODRIGUES DE MATTOS             RUA DONA BELA, 17 CASA 2                TRES PONTES 24809230RIO DE JANEIRO RJUNIAO UMB DOS CULTOS AFRO BRAS    28021810 000049
10231987175000168817800093673    00008058                     000080580000000000000109                     I028058      28021800000000035003410000017N291217104700000000000102802180000000000000000000000000000000000000000100081628811749MAURO JOSE DE AZEVEDO FALCAO            RUA: LEOPOLDO MACHADO Nº 121 - BOA ESPENOVA IGUACU 26130680NOVA IGUACU    RJUNIAO UMB DOS CULTOS AFRO BRAS    28021810 000050
10231987175000168817800093673    00008003                     000080030000000000000109                     I028003      28021800000000035003410000017N291217104700000000000102802180000000000000000000000000000000000000000100002547438704JORGE EDUARDO CAVALCANTI REIS           RUA ROSA DA FONSECA N 30 SOBRADO        MANGUINHOS -21041240RIO DE JANEIRO RJUNIAO UMB DOS CULTOS AFRO BRAS    28021810 000051
10231987175000168817800093673    00007971                     000079710000000000000109                     I027971      28021800000000035003410000017N291217104700000000000102802180000000000000000000000000000000000000000100032615515772WALDEMIR JOSE ALVES                     RUA FLORIANO DE GODOI, 814 CASA 1       25 DE AGOSTO25085050DUQUE DE CAXIASRJUNIAO UMB DOS CULTOS AFRO BRAS    28021810 000052
10231987175000168817800093673    00007941                     000079410000000000000109                     I027941      28021800000000035003410000017N291217104700000000000102802180000000000000000000000000000000000000000200000000001778VANIA MEDEIROS COUTINHO                 RUA TEREZA, LOTE 4 QUADRA 4             PARQUE SUECI25245470BELFORD ROXO   RJUNIAO UMB DOS CULTOS AFRO BRAS    28021810 000053
10231987175000168817800093673    00007878                     000078780000000000000109                     I027878      28021800000000035003410000017N291217104700000000000102802180000000000000000000000000000000000000000100000155439782ADIR GOMES DA SILVA                     RUA DOUTOR JOSE THOMAS, 85              PAVUNA - RIO21520020RIO DE JANEIRO RJUNIAO UMB DOS CULTOS AFRO BRAS    28021810 000054
10231987175000168817800093673    00007317                     000073170000000000000109                     I027317      28021800000000035003410000017N271217104700000000000102802180000000000000000000000000000000000000000100023970090563MARCIA VIEIRA SALES                     O MESMO                                 O MESMO     22740220RIO DE JANEIRO RJUNIAO UMB DOS CULTOS AFRO BRAS    28021810 000055
10231987175000168817800093673    00007223                     000072230000000000000109                     I027223      28021800000000035003410000017N271217104700000000000102802180000000000000000000000000000000000000000100014520518792STEPHANI MATOS MONTEIRO                 ESTRADA DOUTOR PLINIO CASADO N 3599     CENTRO - BEL26130622BELFORD ROXO   RJUNIAO UMB DOS CULTOS AFRO BRAS    28021810 000056
10231987175000168817800093673    00007143                     000071430000000000000109                     I027143      28021800000000035003410000017N271217104700000000000102802180000000000000000000000000000000000000000100007545291778ANDRE LUIS DA SILVA                     RUA VASCO DA GAMA N 677                 PARQUE ESTOR26063190NOVA IGUACU    RJUNIAO UMB DOS CULTOS AFRO BRAS    28021810 000057
10231987175000168817800093673    00007096                     000070960000000000000109                     I027096      28021800000000035003410000017N271217104700000000000102802180000000000000000000000000000000000000000100001430160754RITA DE CASSIA CORMACK DE CARV          RUA MANOEL IVO N 58                     VILA TRES - 24711030SAO GONCALO    RJUNIAO UMB DOS CULTOS AFRO BRAS    28021810 000058
10231987175000168817800093673    00007074                     000070740000000000000109                     I027074      28021800000000035003410000017N271217104700000000000102802180000000000000000000000000000000000000000100040433307749IARA BARBOSA MACHADO                    RUA SAO FIDELIS SN LOTE 16 QUADRA 25    PRADOS VERDE26299165NOVA IGUACU    RJUNIAO UMB DOS CULTOS AFRO BRAS    28021810 000059
10231987175000168817800093673    00006791                     000067910000000000000109                     I026791      28021800000000035003410000017N271217104700000000000102802180000000000000000000000000000000000000000100000921417130IVANILDA MARIA DE OLIVEIRA              O MESMO                                 O MESMO     26420150JAPERI         RJUNIAO UMB DOS CULTOS AFRO BRAS    28021810 000060
10231987175000168817800093673    00006770                     000067700000000000000109                     I026770      28021800000000035003410000017N271217104700000000000102802180000000000000000000000000000000000000000100091156386772MARILENE PEREIRA DOS SANTOS CO          ESTRADA DO PORTELA  694                 OSVALDO CRUZ21351050RIO DE JANEIRO RJUNIAO UMB DOS CULTOS AFRO BRAS    28021810 000061
10231987175000168817800093673    00006519                     000065190000000000000109                     I026519      28021800000000035003410000017N271217104700000000000102802180000000000000000000000000000000000000000100005426043701CLARA DANIELE BROWN FLAUZINO            RUA ZAMBIA N 29                         BANGU - RIO 21850510RIO DE JANEIRO RJUNIAO UMB DOS CULTOS AFRO BRAS    28021810 000062
10231987175000168817800093673    00006139                     000061390000000000000109                     I026139      28021800000000035003410000017N271217104700000000000102802180000000000000000000000000000000000000000100086919105772FLAVIO DA SILVA BARBOSA                 ESTRADA DO QUAFA, 678 RUA B LOTE 43     SANTISSIMO -23098030RIO DE JANEIRO RJUNIAO UMB DOS CULTOS AFRO BRAS    28021810 000063
10231987175000168817800093673    00006068                     000060680000000000000109                     I026068      31011800000000035003410000017N261217104700000000000103101180000000000000000000000000000000000000000100023970090563MARCIA VIEIRA SALES                     O MESMO                                 O MESMO     22740220RIO DE JANEIRO RJUNIAO UMB DOS CULTOS AFRO BRAS    31011810 000064
10231987175000168817800093673    00005893                     000058930000000000000109                     I025893      31011800000000035003410000017N261217104700000000000103101180000000000000000000000000000000000000000100007545291778ANDRE LUIS DA SILVA                     RUA VASCO DA GAMA N 677                 PARQUE ESTOR26063190NOVA IGUACU    RJUNIAO UMB DOS CULTOS AFRO BRAS    31011810 000065
10231987175000168817800093673    00005824                     000058240000000000000109                     I025824      31011800000000035003410000017N261217104700000000000103101180000000000000000000000000000000000000000100040433307749IARA BARBOSA MACHADO                    RUA SAO FIDELIS SN LOTE 16 QUADRA 25    PRADOS VERDE26299165NOVA IGUACU    RJUNIAO UMB DOS CULTOS AFRO BRAS    31011810 000066
10231987175000168817800093673    00005541                     000055410000000000000109                     I025541      31011800000000035003410000017N261217104700000000000103101180000000000000000000000000000000000000000100000921417130IVANILDA MARIA DE OLIVEIRA              O MESMO                                 O MESMO     26420150JAPERI         RJUNIAO UMB DOS CULTOS AFRO BRAS    31011810 000067
10231987175000168817800093673    00005520                     000055200000000000000109                     I025520      31011800000000035003410000017N261217104700000000000103101180000000000000000000000000000000000000000100091156386772MARILENE PEREIRA DOS SANTOS CO          ESTRADA DO PORTELA  694                 OSVALDO CRUZ21351050RIO DE JANEIRO RJUNIAO UMB DOS CULTOS AFRO BRAS    31011810 000068
10231987175000168817800093673    00005346                     000053460000000000000109                     I025346      31011800000000035003410000017N261217104700000000000103101180000000000000000000000000000000000000000100059374179768ROSANGELA MARIA DE CASTRO BEZE          RUA DONA ISABEL, 1170                   BONSUCESSO -21032060RIO DE JANEIRO RJUNIAO UMB DOS CULTOS AFRO BRAS    31011810 000069
10231987175000168817800093673    00005269                     000052690000000000000109                     I025269      31011800000000035003410000017N261217104700000000000103101180000000000000000000000000000000000000000100005426043701CLARA DANIELE BROWN FLAUZINO            RUA ZAMBIA N 29                         BANGU - RIO 21850510RIO DE JANEIRO RJUNIAO UMB DOS CULTOS AFRO BRAS    31011810 000070
10231987175000168817800093673    00004902                     000049020000000000000109                     I024902      31011800000000035003410000017N261217104700000000000103101180000000000000000000000000000000000000000100054571715743VILMA OLIVEIRA DOS SANTOS               RUA CORREIA DIAS, 1066                  VIGARIO GERA21241310RIO DE JANEIRO RJUNIAO UMB DOS CULTOS AFRO BRAS    31011810 000071
10231987175000168817800093673    00001524                     000015240000000000000109                     I021524      20121700000000400003410000017N251017104700000000000102012170000000000000000000000000000000000000000200000000000896LENIR SILVA MAFRA                       RUA JOAO BARBALHO, 455                  QUINTINO BOC20740010RIO DE JANEIRO RJUNIAO UMB DOS CULTOS AFRO BRAS    20121710 000072
10231987175000168817800093673    00001523                     000015230000000000000109                     I021523      20121700000000340003410000017N251017104700000000000102012170000000000000000000000000000000000000000200000000000842IDINEIA RIBEIRO DE AZEVEDO              RUA MOZOLANDIA LOTE 27 QUADRA 105       GUARATIBA - 21660260RIO DE JANEIRO RJUNIAO UMB DOS CULTOS AFRO BRAS    20121710 000073
10231987175000168817800093673    00001342                     000013420000000000000109                     I021342      20121700000000340003410000017N241017104700000000000102012170000000000000000000000000000000000000000100081628811749MAURO JOSE DE AZEVEDO FALCAO            RUA: LEOPOLDO MACHADO Nº 121 - BOA ESPENOVA IGUACU 26130680NOVA IGUACU    RJUNIAO UMB DOS CULTOS AFRO BRAS    20121710 000074
10231987175000168817800093673    00001286                     000012860000000000000109                     I021286      20121700000000340003410000017N241017104700000000000102012170000000000000000000000000000000000000000100053699394700UBIRAJARA PEREIRA FRANCO                AV. BRASIL 17191 BLOCO 35 APTº 2002    IRAJA       21230240RIO DE JANEIRO RJUNIAO UMB DOS CULTOS AFRO BRAS    20121710 000075
10231987175000168817800093673    00001205                     000012050000000000000109                     I021205      20121700000000340003410000017N241017104700000000000102012170000000000000000000000000000000000000000100002547438704JORGE EDUARDO CAVALCANTI REIS           RUA ROSA DA FONSECA N 30 SOBRADO        MANGUINHOS -21041240RIO DE JANEIRO RJUNIAO UMB DOS CULTOS AFRO BRAS    20121710 000076
10231987175000168817800093673    00001138                     000011380000000000000109                     I021138      20121700000000340003410000017N241017104700000000000102012170000000000000000000000000000000000000000100032615515772WALDEMIR JOSE ALVES                     RUA FLORIANO DE GODOI, 814 CASA 1       25 DE AGOSTO25085050DUQUE DE CAXIASRJUNIAO UMB DOS CULTOS AFRO BRAS    20121710 000077
10231987175000168817800093673    00001108                     000011080000000000000109                     I021108      20121700000000340003410000017N241017104700000000000102012170000000000000000000000000000000000000000200000000001778VANIA MEDEIROS COUTINHO                 RUA TEREZA, LOTE 4 QUADRA 4             PARQUE SUECI25245470BELFORD ROXO   RJUNIAO UMB DOS CULTOS AFRO BRAS    20121710 000078
10231987175000168817800093673    00001020                     000010200000000000000109                     I021020      05041800000000300003410000017N241017104700000000000100504180000000000000000000000000000000000000000100000155439782ADIR GOMES DA SILVA                     RUA DOUTOR JOSE THOMAS, 85              PAVUNA - RIO21520020RIO DE JANEIRO RJUNIAO UMB DOS CULTOS AFRO BRAS    05041810 000079
10231987175000168817800093673    0000938                      000009380000000000000109                     I02938       20121700000000340003410000017N171017104700000000000102012170000000000000000000000000000000000000000100000200790790LUIS JORGE MOCO                         RUA: ECA DE QUEIROS LOTE 74 QUADRA 7    PANTANAL - D25040350DUQUE DE CAXIASRJUNIAO UMB DOS CULTOS AFRO BRAS    20121710 000080
10231987175000168817800093673    0000776                      000007760000000000000109                     I02776       20121700000000340003410000017N171017104700000000000102012170000000000000000000000000000000000000000100021207275700GEORGETE MARIA SILVA DE JESUS           RUA BECO DO MIJANCAH, 30                PRAIA DA BRI23028696PEDRA DE GUARATRJUNIAO UMB DOS CULTOS AFRO BRAS    20121710 000081
10231987175000168817800093673    0000774                      000007740000000000000109                     I02774       20121700000000340003410000017N171017104700000000000102012170000000000000000000000000000000000000000100093719744787SERGIO PEREIRA FRAGA                    RUA JURUBAIBA, 163 FUNDOS               HONORIO GURG21555170RIO DE JANEIRO RJUNIAO UMB DOS CULTOS AFRO BRAS    20121710 000082
10231987175000168817800093673    0000522                      000005220000000000000109                     I02522       20121700000000340003410000017N101017104700000000000102012170000000000000000000000000000000000000000100067560555772ADELSON RODRIGUES DE MATTOS             RUA DONA BELA, 17 CASA 2                TRES PONTES 24809230RIO DE JANEIRO RJUNIAO UMB DOS CULTOS AFRO BRAS    20121710 000083
10231987175000168817800093673    0000521                      000005210000000000000109                     I02521       20121700000000340003410000017N101017104700000000000102012170000000000000000000000000000000000000000100053542886734MARIA LUCIA SOARES PONCE                RUA SOLDADO BERNARDINO DA SILVA, 568 APTVILA KOSMOS 21210020RIO DE JANEIRO RJUNIAO UMB DOS CULTOS AFRO BRAS    20121710 000084
10231987175000168817800093673    0000520                      000005200000000000000109                     I02520       20121700000000300003410000017N101017104700000000000102012170000000000000000000000000000000000000000203210312414870MARCELINA DA SILVA COSTA                RUA ALARICO DE SOUZA, 102 CASA 1        ATALAIA - NI24315000NITEROI        RJUNIAO UMB DOS CULTOS AFRO BRAS    20121710 000085
10231987175000168817800093673    0000372                      000003720000000000000109                     I02372       20121700000000340003410000017N101017104700000000000102012170000000000000000000000000000000000000000100098630164700LEILA DE JESUS FREIRE                   RUA JABUTICABEIRA, 52 CASA 1            SENADOR CAMA23010450RIO DE JANEIRO RJUNIAO UMB DOS CULTOS AFRO BRAS    20121710 000086
10231987175000168817800093673    0000295                      000002950000000000000109                     I02295       20121700000000400003410000017N101017104700000000000102012170000000000000000000000000000000000000000100000925009784RICHARD SEBASTIAN BARBOSA DA S          RUA FREDERICO DE CASTRO PEREIRA, 1715   ANDRADE ARAU26015060NOVA IGUACU    RJUNIAO UMB DOS CULTOS AFRO BRAS    20121710 000087
10231987175000168817800093673    0000293                      000002930000000000000109                     I02293       20121700000000340003410000017N101017104700000000000102012170000000000000000000000000000000000000000100077220145772ANGELA MARIA VIANA DOS SANTOS           RUA ANTONIO ALEXANDRE DE OLIVEIRA, 276  CENTRO - SAO25515050SAO JOAO DE MERRJUNIAO UMB DOS CULTOS AFRO BRAS    20121710 000088
10231987175000168817800093673    0000290                      000002900000000000000109                     I02290       20121700000000340003410000017N101017104700000000000102012170000000000000000000000000000000000000000100008468031780JANAINA QUINTELLA BARROS                RUA TEIXEIRA DE FREITAS, 962            FONSECA - NI24130606NITEROI        RJUNIAO UMB DOS CULTOS AFRO BRAS    20121710 000089
10231987175000168817800093673    0000287                      000002870000000000000109                     I02287       20121700000000300003410000017N101017104700000000000102012170000000000000000000000000000000000000000100052995895734NEUZA SANTANNA DE MELLO                 RUA PIRACAIA , 906                      MARECHAL HER21555260RIO DE JANEIRO RJUNIAO UMB DOS CULTOS AFRO BRAS    20121710 000090
10231987175000168817800093673    0000281                      000002810000000000000109                     I02281       20121700000000340003410000017N101017104700000000000102012170000000000000000000000000000000000000000100000581452067VERA LUCIA BATISTA DOS SANTOS           AV PRESD. JUSCELINO KUBISCHECK DE OLIVEIBELFORD ROXO26173515RIO DE JANEIRO RJUNIAO UMB DOS CULTOS AFRO BRAS    20121710 000091
10231987175000168817800093673    0000280                      000002800000000000000109                     I02280       20121700000000340003410000017N101017104700000000000102012170000000000000000000000000000000000000000100033630631720JOSE ANTONIO CERQUEIRA                  RUA MAESTRO VILA LOBOS, 1 APTO 704      TIJUCA - RIO20260220RIO DE JANEIRO RJUNIAO UMB DOS CULTOS AFRO BRAS    20121710 000092
10231987175000168817800093673    0000268                      000002680000000000000109                     I02268       20121700000000340003410000017N101017104700000000000102012170000000000000000000000000000000000000000100014399025778ALAN MARTINS RIBEIRO                    RUA CACEQUI, 65                         CALIFORNIA -26220150NOVA IGUACU    RJUNIAO UMB DOS CULTOS AFRO BRAS    20121710 000093
10231987175000168817800093673    0000264                      000002640000000000000109                     I02264       20121700000000340003410000017N101017104700000000000102012170000000000000000000000000000000000000000100085586331772GLEIDE LUCIA BAPTISTA AMERICO           ESTRADA DO ENGENHO NOVO, 505            ANCHIETA - R21620240RIO DE JANEIRO RJUNIAO UMB DOS CULTOS AFRO BRAS    20121710 000094
10231987175000168817800093673    0000263                      000002630000000000000109                     I02263       23011800000000350003410000017N101017104700000000000102301180000000000000000000000000000000000000000100001647427789SELMA CRISTINA DE HOLANDA PERR          AVENIDA MANAUS, 540                     TRINDADE - S24456320SAO GONCALO    RJUNIAO UMB DOS CULTOS AFRO BRAS    23011810 000095
10231987175000168817800093673    0000254                      000002540000000000000109                     I02254       20121700000000340003410000017N101017104700000000000102012170000000000000000000000000000000000000000100002316322743REGIANE DE LIMA SANTANA SOBRAL          RUA KATAR RECHUAN 534                   GRANDE RIO -25540040SAO JOAO DE MERRJUNIAO UMB DOS CULTOS AFRO BRAS    20121710 000096
10231987175000168817800093673    0000250                      000002500000000000000109                     I02250       20121700000000340003410000017N101017104700000000000102012170000000000000000000000000000000000000000100073885169720MACARIO RODRIGUES DA FONSECA J          RUA GILDA MARIA, 21                     PARQUE FLORA26040820NOVA IGUACU    RJUNIAO UMB DOS CULTOS AFRO BRAS    20121710 000097
10231987175000168817800093673    0000246                      000002460000000000000109                     I02246       20121700000000300003410000017N101017104700000000000102012170000000000000000000000000000000000000000100043599745749VANIA MARIA GOMES PEREIRA               RUA AJAPI, 510 CASA A 2                 COSMOS - RJ 23066420RIO DE JANEIRO RJUNIAO UMB DOS CULTOS AFRO BRAS    20121710 000098
10231987175000168817800093673    0000245                      000002450000000000000109                     I02245       20121700000000340003410000017N101017104700000000000102012170000000000000000000000000000000000000000100009545367709VERONICA BRAZ DA SILVA                  RUA SANTA RITA LOTE 17 E 18 QDA 39      PQ. SAO FRAN26355000NOVA IGUACU    RJUNIAO UMB DOS CULTOS AFRO BRAS    20121710 000099
10231987175000168817800093673    0000137                      000001370000000000000109                     I02137       20121700000000300003410000017N101017104700000000000102012170000000000000000000000000000000000000000100012201569738PAULO CELSO MACHADO JUNIOR              RUA SEIS LOTE 26 - CHACARA INOA         MARICA - RIO24900000MARICA         RJUNIAO UMB DOS CULTOS AFRO BRAS    20121710 000100
10231987175000168817800093673    0000132                      000001320000000000000109                     I02132       20121700000000300003410000017N101017104700000000000102012170000000000000000000000000000000000000000100038719444753JOAQUIM ROBERTO TRINDADE MONTE          RUA TAQUARI N 192 CASA 2                BRAS DE PINA21215540RIO DE JANEIRO RJUNIAO UMB DOS CULTOS AFRO BRAS    20121710 000101
10231987175000168817800093673    0000130                      000001300000000000000109                     I02130       20121700000000340003410000017N101017104700000000000102012170000000000000000000000000000000000000000100005333959765CRISTIANE DA CONCEICAO PACHECO          RUA JOSE SEABRA, 6                      PILAR - DUQU25233001DUQUE DE CAXIASRJUNIAO UMB DOS CULTOS AFRO BRAS    20121710 000102
10231987175000168817800093673    0000128                      000001280000000000000109                     I02128       20121700000000340003410000017N101017104700000000000102012170000000000000000000000000000000000000000100067053424715HELENA DE FATIMA MENDES MARQUE          RUA IRANI, 182                          PENHA - RJ  21020200RIO DE JANEIRO RJUNIAO UMB DOS CULTOS AFRO BRAS    20121710 000103
10231987175000168817800093673    0000125                      000001250000000000000109                     I02125       20121700000000400003410000017N101017104700000000000102012170000000000000000000000000000000000000000100007446571721ANDREA GUEDES PINHEIRO GOMES            RUA CATARINA SANTANA  169               CABUCU      26341490NILOPOLIS      RJUNIAO UMB DOS CULTOS AFRO BRAS    20121710 000104
10231987175000168817800093673    0000108                      000001080000000000000109                     I02108       20121700000000340003410000017N101017104700000000000102012170000000000000000000000000000000000000000100098456164704JUCEMAR DOS SANTOS ESTEVES              RUA ABEL DE ALVARENGA N 62              CHATUBA - ME26585000MESQUITA       RJUNIAO UMB DOS CULTOS AFRO BRAS    20121710 000105
10231987175000168817800093673    000099                       000000990000000000000109                     I0299        05021800000000340003410000017N101017104700000000000100502180000000000000000000000000000000000000000100081473885787CELIA DA SILVA ALEXANDRE                AVENIDA MARECHAL FONTENELE N 4311 RUA SELOTEAMENTO V21750000RIO DE JANEIRO RJUNIAO UMB DOS CULTOS AFRO BRAS    05021810 000106
10231987175000168817800093673    000084                       000000840000000000000109                     I0284        20121700000000340003410000017N101017104700000000000102012170000000000000000000000000000000000000000100001686254741ADELIA DE OLIVEIRA AZEVEDO              RUA CORONEL CAMISAO N 842               VISTA ALEGRE21250290RIO DE JANEIRO RJUNIAO UMB DOS CULTOS AFRO BRAS    20121710 000107
10231987175000168817800093673    000024                       000000240000000000000109                     I0224        20121700000000035003410000017N220917104700000000000102012170000000000000000000000000000000000000000200000000002853RUBENS FERNANDO DE OLIVEIRA             ALAMEDA BEM-TE-VI N 114                 PAVUNA - RIO21521200RIO DE JANEIRO RJUNIAO UMB DOS CULTOS AFRO BRAS    20121710 000108
9                                                                                                                                                                                                                                                                                                                                                                                                         000109
