01REMESSA01COBRANCA       817800093673        União Umb dos Cultos Afro Bra341BANCO ITAU SA  140619                                                                                                                                                                                                                                                                                                      000001
10231987175000168817800093673    000049712                    000497120000000000000109                     I0149712     27061900000000080003410000017N120619105700000000000262706190000000000000000000000000000000000000000100005346492704VANESSA NEVES DA CONCEICAO              RUA AMERICO VESPUCION 41, CASA          ENGENHEIRO L21370180RIO DE JANEIRO RJUNIAO UMB DOS CULTOS AFRO BRAS    27061915 000002
21270620190000000000160                                                                                                                                                                                                                                                                                                                                                                                   000003
10231987175000168817800093673    000049711                    000497110000000000000109                     I0149711     30091900000000040003410000017N120619105700000000000133009190000000000000000000000000000000000000000100012631481747BRUNO LUIS MAGALHAES DE SOUSA           RUA PADRE ROBERTO SARAN 1190,           PARQUE LAFAI25025127DUQUE DE CAXIASRJUNIAO UMB DOS CULTOS AFRO BRAS    30091915 000004
21300920190000000000080                                                                                                                                                                                                                                                                                                                                                                                   000005
10231987175000168817800093673    000049710                    000497100000000000000109                     I0149710     30081900000000040003410000017N120619105700000000000133008190000000000000000000000000000000000000000100012631481747BRUNO LUIS MAGALHAES DE SOUSA           RUA PADRE ROBERTO SARAN 1190,           PARQUE LAFAI25025127DUQUE DE CAXIASRJUNIAO UMB DOS CULTOS AFRO BRAS    30081915 000006
21300820190000000000080                                                                                                                                                                                                                                                                                                                                                                                   000007
10231987175000168817800093673    000049709                    000497090000000000000109                     I0149709     31071900000000040003410000017N120619105700000000000133107190000000000000000000000000000000000000000100012631481747BRUNO LUIS MAGALHAES DE SOUSA           RUA PADRE ROBERTO SARAN 1190,           PARQUE LAFAI25025127DUQUE DE CAXIASRJUNIAO UMB DOS CULTOS AFRO BRAS    31071915 000008
21310720190000000000080                                                                                                                                                                                                                                                                                                                                                                                   000009
10231987175000168817800093673    000049708                    000497080000000000000109                     I0149708     30091900000000040003410000017N120619105700000000000133009190000000000000000000000000000000000000000100073103101791MARIA DA GLORIA SANTOS VANDERL          RUA ANTONIO HERMONTN 195, CASA 2        SAO MATEUS  25525641SAO JOAO DE MERRJUNIAO UMB DOS CULTOS AFRO BRAS    30091915 000010
21300920190000000000080                                                                                                                                                                                                                                                                                                                                                                                   000011
10231987175000168817800093673    000049707                    000497070000000000000109                     I0149707     30081900000000040003410000017N120619105700000000000133008190000000000000000000000000000000000000000100073103101791MARIA DA GLORIA SANTOS VANDERL          RUA ANTONIO HERMONTN 195, CASA 2        SAO MATEUS  25525641SAO JOAO DE MERRJUNIAO UMB DOS CULTOS AFRO BRAS    30081915 000012
21300820190000000000080                                                                                                                                                                                                                                                                                                                                                                                   000013
10231987175000168817800093673    000049706                    000497060000000000000109                     I0149706     30071900000000040003410000017N120619105700000000000133007190000000000000000000000000000000000000000100073103101791MARIA DA GLORIA SANTOS VANDERL          RUA ANTONIO HERMONTN 195, CASA 2        SAO MATEUS  25525641SAO JOAO DE MERRJUNIAO UMB DOS CULTOS AFRO BRAS    30071915 000014
21300720190000000000080                                                                                                                                                                                                                                                                                                                                                                                   000015
10231987175000168817800093673    000049705                    000497050000000000000109                     I0149705     30091900000000040003410000017N120619105700000000000133009190000000000000000000000000000000000000000100007446082798ANDERSON AGUIAR CARNEIRO                ESTRADA MANUEL NOGUEIRA DE SAN 245, RUA SULACAP     21745290RIO DE JANEIRO RJUNIAO UMB DOS CULTOS AFRO BRAS    30091915 000016
21300920190000000000080                                                                                                                                                                                                                                                                                                                                                                                   000017
10231987175000168817800093673    000049704                    000497040000000000000109                     I0149704     30081900000000040003410000017N120619105700000000000133008190000000000000000000000000000000000000000100007446082798ANDERSON AGUIAR CARNEIRO                ESTRADA MANUEL NOGUEIRA DE SAN 245, RUA SULACAP     21745290RIO DE JANEIRO RJUNIAO UMB DOS CULTOS AFRO BRAS    30081915 000018
21300820190000000000080                                                                                                                                                                                                                                                                                                                                                                                   000019
10231987175000168817800093673    000049703                    000497030000000000000109                     I0149703     30071900000000040003410000017N120619105700000000000133007190000000000000000000000000000000000000000100007446082798ANDERSON AGUIAR CARNEIRO                ESTRADA MANUEL NOGUEIRA DE SAN 245, RUA SULACAP     21745290RIO DE JANEIRO RJUNIAO UMB DOS CULTOS AFRO BRAS    30071915 000020
21300720190000000000080                                                                                                                                                                                                                                                                                                                                                                                   000021
10231987175000168817800093673    000049702                    000497020000000000000109                     I0149702     30081900000000040003410000017N120619105700000000000133008190000000000000000000000000000000000000000100009713273605CAMILA EMANUELE DE ARAUJO CALD          RUA DELGADO DE CARVALHO   N 0, LOTE 35 QVILA SANTO  25040240DUQUE DE CAXIASRJUNIAO UMB DOS CULTOS AFRO BRAS    30081915 000022
21300820190000000000080                                                                                                                                                                                                                                                                                                                                                                                   000023
10231987175000168817800093673    000049701                    000497010000000000000109                     I0149701     28061900000000080003410000017N120619105700000000000262806190000000000000000000000000000000000000000100097989037734LUIS EDUARDO ALMEIDA BAHRI              RUA DEGASN 400, BLOCO 2 APTº 1010      DEL CASTILHO20771580RIO DE JANEIRO RJUNIAO UMB DOS CULTOS AFRO BRAS    28061915 000024
21280620190000000000160                                                                                                                                                                                                                                                                                                                                                                                   000025
10231987175000168817800093673    000049700                    000497000000000000000109                     I0149700     15071900000000350003410000017N120619105700000000001161507190000000000000000000000000000000000000000100063658020725JUSSARA MAXIMO DIAS                     RUA: DO BOSQUEN 41, / 43                PACIENCIA   23065250RIO DE JANEIRO RJUNIAO UMB DOS CULTOS AFRO BRAS    15071915 000026
21150720190000000000700                                                                                                                                                                                                                                                                                                                                                                                   000027
10231987175000168817800093673    000049699                    000496990000000000000109                     I0149699     30091900000000040003410000017N120619105700000000000133009190000000000000000000000000000000000000000100044845251787REGINA CELIA ALMEIDA BASTOS             RUA NELSON PAIXAON 103,                 PAVUNA      21532360RIO DE JANEIRO RJUNIAO UMB DOS CULTOS AFRO BRAS    30091915 000028
21300920190000000000080                                                                                                                                                                                                                                                                                                                                                                                   000029
10231987175000168817800093673    000049698                    000496980000000000000109                     I0149698     30081900000000040003410000017N120619105700000000000133008190000000000000000000000000000000000000000100044845251787REGINA CELIA ALMEIDA BASTOS             RUA NELSON PAIXAON 103,                 PAVUNA      21532360RIO DE JANEIRO RJUNIAO UMB DOS CULTOS AFRO BRAS    30081915 000030
21300820190000000000080                                                                                                                                                                                                                                                                                                                                                                                   000031
10231987175000168817800093673    000049697                    000496970000000000000109                     I0149697     30071900000000040003410000017N120619105700000000000133007190000000000000000000000000000000000000000100044845251787REGINA CELIA ALMEIDA BASTOS             RUA NELSON PAIXAON 103,                 PAVUNA      21532360RIO DE JANEIRO RJUNIAO UMB DOS CULTOS AFRO BRAS    30071915 000032
21300720190000000000080                                                                                                                                                                                                                                                                                                                                                                                   000033
10231987175000168817800093673    000049696                    000496960000000000000109                     I0149696     30091900000000040003410000017N110619105700000000000133009190000000000000000000000000000000000000000100035838493704CELMO JOSE DE SOUZA                     RUA DA CONCEICAON 188, SALA 1204 A B    CENTRO      24020087NITEROI        RJUNIAO UMB DOS CULTOS AFRO BRAS    30091915 000034
21300920190000000000080                                                                                                                                                                                                                                                                                                                                                                                   000035
10231987175000168817800093673    000049695                    000496950000000000000109                     I0149695     30081900000000040003410000017N110619105700000000000133008190000000000000000000000000000000000000000100035838493704CELMO JOSE DE SOUZA                     RUA DA CONCEICAON 188, SALA 1204 A B    CENTRO      24020087NITEROI        RJUNIAO UMB DOS CULTOS AFRO BRAS    30081915 000036
21300820190000000000080                                                                                                                                                                                                                                                                                                                                                                                   000037
10231987175000168817800093673    000049694                    000496940000000000000109                     I0149694     30071900000000040003410000017N110619105700000000000133007190000000000000000000000000000000000000000100035838493704CELMO JOSE DE SOUZA                     RUA DA CONCEICAON 188, SALA 1204 A B    CENTRO      24020087NITEROI        RJUNIAO UMB DOS CULTOS AFRO BRAS    30071915 000038
21300720190000000000080                                                                                                                                                                                                                                                                                                                                                                                   000039
10231987175000168817800093673    000049693                    000496930000000000000109                     I0149693     30091900000000040003410000017N110619105700000000000133009190000000000000000000000000000000000000000100002134169729ALEXANDRE DE ALMEIDA                    RUA SERITINGAN 105, BLOCO 5 APTO 108 FUNBRAZ DE PINA21215485RIO DE JANEIRO RJUNIAO UMB DOS CULTOS AFRO BRAS    30091915 000040
21300920190000000000080                                                                                                                                                                                                                                                                                                                                                                                   000041
10231987175000168817800093673    000049692                    000496920000000000000109                     I0149692     30081900000000040003410000017N110619105700000000000133008190000000000000000000000000000000000000000100002134169729ALEXANDRE DE ALMEIDA                    RUA SERITINGAN 105, BLOCO 5 APTO 108 FUNBRAZ DE PINA21215485RIO DE JANEIRO RJUNIAO UMB DOS CULTOS AFRO BRAS    30081915 000042
21300820190000000000080                                                                                                                                                                                                                                                                                                                                                                                   000043
10231987175000168817800093673    000049691                    000496910000000000000109                     I0149691     30071900000000040003410000017N110619105700000000000133007190000000000000000000000000000000000000000100002134169729ALEXANDRE DE ALMEIDA                    RUA SERITINGAN 105, BLOCO 5 APTO 108 FUNBRAZ DE PINA21215485RIO DE JANEIRO RJUNIAO UMB DOS CULTOS AFRO BRAS    30071915 000044
21300720190000000000080                                                                                                                                                                                                                                                                                                                                                                                   000045
10231987175000168817800093673    000049690                    000496900000000000000109                     I0149690     05071900000000080003410000017N110619105700000000000260507190000000000000000000000000000000000000000100002134169729ALEXANDRE DE ALMEIDA                    RUA SERITINGAN 105, BLOCO 5 APTO 108 FUNBRAZ DE PINA21215485RIO DE JANEIRO RJUNIAO UMB DOS CULTOS AFRO BRAS    05071915 000046
21050720190000000000160                                                                                                                                                                                                                                                                                                                                                                                   000047
10231987175000168817800093673    000049676                    000496760000000000000109                     I0249676     30091900000000040003410000017N110619105700000000000133009190000000000000000000000000000000000000000100073103101791MARIA DA GLORIA SANTOS VANDERL          RUA ANTONIO HERMONTN 195, CASA 2        SAO MATEUS  25525641SAO JOAO DE MERRJUNIAO UMB DOS CULTOS AFRO BRAS    30091915 000048
21300920190000000000080                                                                                                                                                                                                                                                                                                                                                                                   000049
10231987175000168817800093673    000049675                    000496750000000000000109                     I0249675     30081900000000040003410000017N110619105700000000000133008190000000000000000000000000000000000000000100073103101791MARIA DA GLORIA SANTOS VANDERL          RUA ANTONIO HERMONTN 195, CASA 2        SAO MATEUS  25525641SAO JOAO DE MERRJUNIAO UMB DOS CULTOS AFRO BRAS    30081915 000050
21300820190000000000080                                                                                                                                                                                                                                                                                                                                                                                   000051
10231987175000168817800093673    000049674                    000496740000000000000109                     I0249674     30071900000000040003410000017N110619105700000000000133007190000000000000000000000000000000000000000100073103101791MARIA DA GLORIA SANTOS VANDERL          RUA ANTONIO HERMONTN 195, CASA 2        SAO MATEUS  25525641SAO JOAO DE MERRJUNIAO UMB DOS CULTOS AFRO BRAS    30071915 000052
21300720190000000000080                                                                                                                                                                                                                                                                                                                                                                                   000053
10231987175000168817800093673    000049431                    000494310000000000000109                     I0249431     30091900000000040003410000017N100619105700000000000133009190000000000000000000000000000000000000000100080705774791MARIA FREITAS DOS SANTOS MACHA          RUA: JOSE DE OLIVEIRAN 12,              SEPETIBA    23570086RIO DE JANEIRO RJUNIAO UMB DOS CULTOS AFRO BRAS    30091915 000054
21300920190000000000080                                                                                                                                                                                                                                                                                                                                                                                   000055
10231987175000168817800093673    000049369                    000493690000000000000109                     I0249369     30091900000000040003410000017N100619105700000000000133009190000000000000000000000000000000000000000100069279500791CLAUDIA ALONSO RODRIGUES                ESTRADA DO PAU FERRO N 851,             FREGUESIA   22745055RIO DE JANEIRO RJUNIAO UMB DOS CULTOS AFRO BRAS    30091915 000056
21300920190000000000080                                                                                                                                                                                                                                                                                                                                                                                   000057
10231987175000168817800093673    000049203                    000492030000000000000109                     I0249203     30091900000000040003410000017N100619105700000000000133009190000000000000000000000000000000000000000100059588799791VERONICA FARIAS DA ROCHA                RUA DOMINGOS DE MAGALHAESN 235,         MARIA DA GRA20785353RIO DE JANEIRO RJUNIAO UMB DOS CULTOS AFRO BRAS    30091915 000058
21300920190000000000080                                                                                                                                                                                                                                                                                                                                                                                   000059
10231987175000168817800093673    000049184                    000491840000000000000109                     I0249184     30091900000000040003410000017N100619105700000000000133009190000000000000000000000000000000000000000100001383163766RENATA DOMINGUES COSTA LIMA JA          RUA CALIFAN 7,                          LAGOINHA    26298012NOVA IGUACU    RJUNIAO UMB DOS CULTOS AFRO BRAS    30091915 000060
21300920190000000000080                                                                                                                                                                                                                                                                                                                                                                                   000061
10231987175000168817800093673    000049135                    000491350000000000000109                     I0249135     30091900000000050003410000017N100619105700000000000173009190000000000000000000000000000000000000000100033075514772MARIA ELISA DOS SANTOS                  RUA PADRE TELEMACO  N 172, CASA 15      CASCADURA   21311050RIO DE JANEIRO RJUNIAO UMB DOS CULTOS AFRO BRAS    30091915 000062
21300920190000000000100                                                                                                                                                                                                                                                                                                                                                                                   000063
10231987175000168817800093673    000049080                    000490800000000000000109                     I0249080     30091900000000040003410000017N100619105700000000000133009190000000000000000000000000000000000000000100085184543791CARLOS ALBERTO TEIXEIRA PEREIR          RUA CARANGOLAN 183, FUNDOS              TRINDADE    24457090SAO GONCALO    RJUNIAO UMB DOS CULTOS AFRO BRAS    30091915 000064
21300920190000000000080                                                                                                                                                                                                                                                                                                                                                                                   000065
10231987175000168817800093673    000049008                    000490080000000000000109                     I0249008     30091900000000040003410000017N100619105700000000000133009190000000000000000000000000000000000000000100000000000000CARLOS DE CARVALHO                      RUA MARINALVA SILVAN 9,                 SAO JOSE    26187660BELFORD ROXO   RJUNIAO UMB DOS CULTOS AFRO BRAS    30091915 000066
21300920190000000000080                                                                                                                                                                                                                                                                                                                                                                                   000067
10231987175000168817800093673    000048986                    000489860000000000000109                     I0248986     30091900000000040003410000017N100619105700000000000133009190000000000000000000000000000000000000000100080113397704SOLANGE DE SOUZA SILVA                  RUA PEDRO DE MELON 174, FUNDOS          PADRE MIGUEL21775410RIO DE JANEIRO RJUNIAO UMB DOS CULTOS AFRO BRAS    30091915 000068
21300920190000000000080                                                                                                                                                                                                                                                                                                                                                                                   000069
10231987175000168817800093673    000048748                    000487480000000000000109                     I0248748     30091900000000040003410000017N100619105700000000000133009190000000000000000000000000000000000000000100002134169729ALEXANDRE DE ALMEIDA                    RUA SERITINGAN 105, BLOCO 5 APTO 108 FUNBRAZ DE PINA21215485RIO DE JANEIRO RJUNIAO UMB DOS CULTOS AFRO BRAS    30091915 000070
21300920190000000000080                                                                                                                                                                                                                                                                                                                                                                                   000071
10231987175000168817800093673    000048732                    000487320000000000000109                     I0248732     30091900000000040003410000017N100619105700000000000133009190000000000000000000000000000000000000000100023544120704ELIAS DA SILVA FILHO                    TRAVESSA SANTA RITAN 518, LINDO PARQUE (GALO BRANCO 24420450SAO GONCALO    RJUNIAO UMB DOS CULTOS AFRO BRAS    30091915 000072
21300920190000000000080                                                                                                                                                                                                                                                                                                                                                                                   000073
10231987175000168817800093673    000048645                    000486450000000000000109                     I0248645     30091900000000040003410000017N100619105700000000000133009190000000000000000000000000000000000000000100035838493704CELMO JOSE DE SOUZA                     RUA DA CONCEICAON 188, SALA 1204 A B    CENTRO      24020087NITEROI        RJUNIAO UMB DOS CULTOS AFRO BRAS    30091915 000074
21300920190000000000080                                                                                                                                                                                                                                                                                                                                                                                   000075
10231987175000168817800093673    000048633                    000486330000000000000109                     I0248633     30091900000000040003410000017N100619105700000000000133009190000000000000000000000000000000000000000212395736000195ASSOCIACAO ESPIRITA VOVO REI C          RUA GUARABUN 390, FUNDOS                INHAUMA     20761060RIO DE JANEIRO RJUNIAO UMB DOS CULTOS AFRO BRAS    30091915 000076
21300920190000000000080                                                                                                                                                                                                                                                                                                                                                                                   000077
10231987175000168817800093673    000048528                    000485280000000000000109                     I0248528     30091900000000040003410000017N100619105700000000000133009190000000000000000000000000000000000000000100044845251787REGINA CELIA ALMEIDA BASTOS             RUA NELSON PAIXAON 103,                 PAVUNA      21532360RIO DE JANEIRO RJUNIAO UMB DOS CULTOS AFRO BRAS    30091915 000078
21300920190000000000080                                                                                                                                                                                                                                                                                                                                                                                   000079
10231987175000168817800093673    000048491                    000484910000000000000109                     I0248491     30091900000000040003410000017N100619105700000000000133009190000000000000000000000000000000000000000100080373933720LINDINALVA DE LIMA FERREIRA             ESTRADA CRUZ VERMELHA - RUA MARIANO PROCSANTA TERESA26193415BELFORD ROXO   RJUNIAO UMB DOS CULTOS AFRO BRAS    30091915 000080
21300920190000000000080                                                                                                                                                                                                                                                                                                                                                                                   000081
10231987175000168817800093673    000048363                    000483630000000000000109                     I0248363     30091900000000040003410000017N100619105700000000000133009190000000000000000000000000000000000000000100095032061700CILEIA DA ROCHA PACHECO                 RUA DA FLORALIAN 14, FUNDOS             SANTA BARBAR24350000RIO DE JANEIRO RJUNIAO UMB DOS CULTOS AFRO BRAS    30091915 000082
21300920190000000000080                                                                                                                                                                                                                                                                                                                                                                                   000083
10231987175000168817800093673    000047986                    000479860000000000000109                     I0247986     30081900000000040003410000017N100619105700000000000133008190000000000000000000000000000000000000000100080705774791MARIA FREITAS DOS SANTOS MACHA          RUA: JOSE DE OLIVEIRAN 12,              SEPETIBA    23570086RIO DE JANEIRO RJUNIAO UMB DOS CULTOS AFRO BRAS    30081915 000084
21300820190000000000080                                                                                                                                                                                                                                                                                                                                                                                   000085
10231987175000168817800093673    000047924                    000479240000000000000109                     I0247924     30081900000000040003410000017N100619105700000000000133008190000000000000000000000000000000000000000100069279500791CLAUDIA ALONSO RODRIGUES                ESTRADA DO PAU FERRO N 851,             FREGUESIA   22745055RIO DE JANEIRO RJUNIAO UMB DOS CULTOS AFRO BRAS    30081915 000086
21300820190000000000080                                                                                                                                                                                                                                                                                                                                                                                   000087
10231987175000168817800093673    000047761                    000477610000000000000109                     I0247761     30081900000000040003410000017N100619105700000000000133008190000000000000000000000000000000000000000100059588799791VERONICA FARIAS DA ROCHA                RUA DOMINGOS DE MAGALHAESN 235,         MARIA DA GRA20785353RIO DE JANEIRO RJUNIAO UMB DOS CULTOS AFRO BRAS    30081915 000088
21300820190000000000080                                                                                                                                                                                                                                                                                                                                                                                   000089
10231987175000168817800093673    000047743                    000477430000000000000109                     I0247743     30081900000000040003410000017N100619105700000000000133008190000000000000000000000000000000000000000100001383163766RENATA DOMINGUES COSTA LIMA JA          RUA CALIFAN 7,                          LAGOINHA    26298012NOVA IGUACU    RJUNIAO UMB DOS CULTOS AFRO BRAS    30081915 000090
21300820190000000000080                                                                                                                                                                                                                                                                                                                                                                                   000091
10231987175000168817800093673    000047694                    000476940000000000000109                     I0247694     30081900000000050003410000017N100619105700000000000173008190000000000000000000000000000000000000000100033075514772MARIA ELISA DOS SANTOS                  RUA PADRE TELEMACO  N 172, CASA 15      CASCADURA   21311050RIO DE JANEIRO RJUNIAO UMB DOS CULTOS AFRO BRAS    30081915 000092
21300820190000000000100                                                                                                                                                                                                                                                                                                                                                                                   000093
10231987175000168817800093673    000047641                    000476410000000000000109                     I0247641     30081900000000040003410000017N100619105700000000000133008190000000000000000000000000000000000000000100085184543791CARLOS ALBERTO TEIXEIRA PEREIR          RUA CARANGOLAN 183, FUNDOS              TRINDADE    24457090SAO GONCALO    RJUNIAO UMB DOS CULTOS AFRO BRAS    30081915 000094
21300820190000000000080                                                                                                                                                                                                                                                                                                                                                                                   000095
10231987175000168817800093673    000047569                    000475690000000000000109                     I0247569     30081900000000040003410000017N100619105700000000000133008190000000000000000000000000000000000000000100000000000000CARLOS DE CARVALHO                      RUA MARINALVA SILVAN 9,                 SAO JOSE    26187660BELFORD ROXO   RJUNIAO UMB DOS CULTOS AFRO BRAS    30081915 000096
21300820190000000000080                                                                                                                                                                                                                                                                                                                                                                                   000097
10231987175000168817800093673    000047547                    000475470000000000000109                     I0247547     30081900000000040003410000017N100619105700000000000133008190000000000000000000000000000000000000000100080113397704SOLANGE DE SOUZA SILVA                  RUA PEDRO DE MELON 174, FUNDOS          PADRE MIGUEL21775410RIO DE JANEIRO RJUNIAO UMB DOS CULTOS AFRO BRAS    30081915 000098
21300820190000000000080                                                                                                                                                                                                                                                                                                                                                                                   000099
10231987175000168817800093673    000047309                    000473090000000000000109                     I0247309     30081900000000040003410000017N100619105700000000000133008190000000000000000000000000000000000000000100002134169729ALEXANDRE DE ALMEIDA                    RUA SERITINGAN 105, BLOCO 5 APTO 108 FUNBRAZ DE PINA21215485RIO DE JANEIRO RJUNIAO UMB DOS CULTOS AFRO BRAS    30081915 000100
21300820190000000000080                                                                                                                                                                                                                                                                                                                                                                                   000101
10231987175000168817800093673    000047294                    000472940000000000000109                     I0247294     30081900000000040003410000017N100619105700000000000133008190000000000000000000000000000000000000000100023544120704ELIAS DA SILVA FILHO                    TRAVESSA SANTA RITAN 518, LINDO PARQUE (GALO BRANCO 24420450SAO GONCALO    RJUNIAO UMB DOS CULTOS AFRO BRAS    30081915 000102
21300820190000000000080                                                                                                                                                                                                                                                                                                                                                                                   000103
10231987175000168817800093673    000047208                    000472080000000000000109                     I0247208     30081900000000040003410000017N100619105700000000000133008190000000000000000000000000000000000000000100035838493704CELMO JOSE DE SOUZA                     RUA DA CONCEICAON 188, SALA 1204 A B    CENTRO      24020087NITEROI        RJUNIAO UMB DOS CULTOS AFRO BRAS    30081915 000104
21300820190000000000080                                                                                                                                                                                                                                                                                                                                                                                   000105
10231987175000168817800093673    000047196                    000471960000000000000109                     I0247196     30081900000000040003410000017N100619105700000000000133008190000000000000000000000000000000000000000212395736000195ASSOCIACAO ESPIRITA VOVO REI C          RUA GUARABUN 390, FUNDOS                INHAUMA     20761060RIO DE JANEIRO RJUNIAO UMB DOS CULTOS AFRO BRAS    30081915 000106
21300820190000000000080                                                                                                                                                                                                                                                                                                                                                                                   000107
10231987175000168817800093673    000047091                    000470910000000000000109                     I0247091     30081900000000040003410000017N100619105700000000000133008190000000000000000000000000000000000000000100044845251787REGINA CELIA ALMEIDA BASTOS             RUA NELSON PAIXAON 103,                 PAVUNA      21532360RIO DE JANEIRO RJUNIAO UMB DOS CULTOS AFRO BRAS    30081915 000108
21300820190000000000080                                                                                                                                                                                                                                                                                                                                                                                   000109
10231987175000168817800093673    000047054                    000470540000000000000109                     I0247054     30081900000000040003410000017N100619105700000000000133008190000000000000000000000000000000000000000100080373933720LINDINALVA DE LIMA FERREIRA             ESTRADA CRUZ VERMELHA - RUA MARIANO PROCSANTA TERESA26193415BELFORD ROXO   RJUNIAO UMB DOS CULTOS AFRO BRAS    30081915 000110
21300820190000000000080                                                                                                                                                                                                                                                                                                                                                                                   000111
10231987175000168817800093673    000046928                    000469280000000000000109                     I0246928     30081900000000040003410000017N100619105700000000000133008190000000000000000000000000000000000000000100095032061700CILEIA DA ROCHA PACHECO                 RUA DA FLORALIAN 14, FUNDOS             SANTA BARBAR24350000RIO DE JANEIRO RJUNIAO UMB DOS CULTOS AFRO BRAS    30081915 000112
21300820190000000000080                                                                                                                                                                                                                                                                                                                                                                                   000113
10231987175000168817800093673    000046552                    000465520000000000000109                     I0246552     30071900000000040003410000017N100619105700000000000133007190000000000000000000000000000000000000000100080705774791MARIA FREITAS DOS SANTOS MACHA          RUA: JOSE DE OLIVEIRAN 12,              SEPETIBA    23570086RIO DE JANEIRO RJUNIAO UMB DOS CULTOS AFRO BRAS    30071915 000114
21300720190000000000080                                                                                                                                                                                                                                                                                                                                                                                   000115
10231987175000168817800093673    000046490                    000464900000000000000109                     I0246490     30071900000000040003410000017N100619105700000000000133007190000000000000000000000000000000000000000100069279500791CLAUDIA ALONSO RODRIGUES                ESTRADA DO PAU FERRO N 851,             FREGUESIA   22745055RIO DE JANEIRO RJUNIAO UMB DOS CULTOS AFRO BRAS    30071915 000116
21300720190000000000080                                                                                                                                                                                                                                                                                                                                                                                   000117
10231987175000168817800093673    000046328                    000463280000000000000109                     I0246328     30071900000000040003410000017N100619105700000000000133007190000000000000000000000000000000000000000100059588799791VERONICA FARIAS DA ROCHA                RUA DOMINGOS DE MAGALHAESN 235,         MARIA DA GRA20785353RIO DE JANEIRO RJUNIAO UMB DOS CULTOS AFRO BRAS    30071915 000118
21300720190000000000080                                                                                                                                                                                                                                                                                                                                                                                   000119
10231987175000168817800093673    000046311                    000463110000000000000109                     I0246311     30071900000000040003410000017N100619105700000000000133007190000000000000000000000000000000000000000100001383163766RENATA DOMINGUES COSTA LIMA JA          RUA CALIFAN 7,                          LAGOINHA    26298012NOVA IGUACU    RJUNIAO UMB DOS CULTOS AFRO BRAS    30071915 000120
21300720190000000000080                                                                                                                                                                                                                                                                                                                                                                                   000121
10231987175000168817800093673    000046263                    000462630000000000000109                     I0246263     30071900000000050003410000017N100619105700000000000173007190000000000000000000000000000000000000000100033075514772MARIA ELISA DOS SANTOS                  RUA PADRE TELEMACO  N 172, CASA 15      CASCADURA   21311050RIO DE JANEIRO RJUNIAO UMB DOS CULTOS AFRO BRAS    30071915 000122
21300720190000000000100                                                                                                                                                                                                                                                                                                                                                                                   000123
10231987175000168817800093673    000046211                    000462110000000000000109                     I0246211     30071900000000040003410000017N100619105700000000000133007190000000000000000000000000000000000000000100085184543791CARLOS ALBERTO TEIXEIRA PEREIR          RUA CARANGOLAN 183, FUNDOS              TRINDADE    24457090SAO GONCALO    RJUNIAO UMB DOS CULTOS AFRO BRAS    30071915 000124
21300720190000000000080                                                                                                                                                                                                                                                                                                                                                                                   000125
10231987175000168817800093673    000046139                    000461390000000000000109                     I0246139     30071900000000040003410000017N100619105700000000000133007190000000000000000000000000000000000000000100000000000000CARLOS DE CARVALHO                      RUA MARINALVA SILVAN 9,                 SAO JOSE    26187660BELFORD ROXO   RJUNIAO UMB DOS CULTOS AFRO BRAS    30071915 000126
21300720190000000000080                                                                                                                                                                                                                                                                                                                                                                                   000127
10231987175000168817800093673    000046118                    000461180000000000000109                     I0246118     30071900000000040003410000017N100619105700000000000133007190000000000000000000000000000000000000000100080113397704SOLANGE DE SOUZA SILVA                  RUA PEDRO DE MELON 174, FUNDOS          PADRE MIGUEL21775410RIO DE JANEIRO RJUNIAO UMB DOS CULTOS AFRO BRAS    30071915 000128
21300720190000000000080                                                                                                                                                                                                                                                                                                                                                                                   000129
10231987175000168817800093673    000045883                    000458830000000000000109                     I0245883     30071900000000040003410000017N100619105700000000000133007190000000000000000000000000000000000000000100002134169729ALEXANDRE DE ALMEIDA                    RUA SERITINGAN 105, BLOCO 5 APTO 108 FUNBRAZ DE PINA21215485RIO DE JANEIRO RJUNIAO UMB DOS CULTOS AFRO BRAS    30071915 000130
21300720190000000000080                                                                                                                                                                                                                                                                                                                                                                                   000131
10231987175000168817800093673    000045868                    000458680000000000000109                     I0245868     30071900000000040003410000017N100619105700000000000133007190000000000000000000000000000000000000000100023544120704ELIAS DA SILVA FILHO                    TRAVESSA SANTA RITAN 518, LINDO PARQUE (GALO BRANCO 24420450SAO GONCALO    RJUNIAO UMB DOS CULTOS AFRO BRAS    30071915 000132
21300720190000000000080                                                                                                                                                                                                                                                                                                                                                                                   000133
10231987175000168817800093673    000045835                    000458350000000000000109                     I0245835     30071900000000040003410000017N100619105700000000000133007190000000000000000000000000000000000000000100033205094700IRACEMA PAZ DA MOTTA                    RUA CARDOSO QUINTAON 196,               PIEDADE     21381460RIO DE JANEIRO RJUNIAO UMB DOS CULTOS AFRO BRAS    30071915 000134
21300720190000000000080                                                                                                                                                                                                                                                                                                                                                                                   000135
10231987175000168817800093673    000045783                    000457830000000000000109                     I0245783     30071900000000040003410000017N100619105700000000000133007190000000000000000000000000000000000000000100035838493704CELMO JOSE DE SOUZA                     RUA DA CONCEICAON 188, SALA 1204 A B    CENTRO      24020087NITEROI        RJUNIAO UMB DOS CULTOS AFRO BRAS    30071915 000136
21300720190000000000080                                                                                                                                                                                                                                                                                                                                                                                   000137
10231987175000168817800093673    000045772                    000457720000000000000109                     I0245772     30071900000000040003410000017N100619105700000000000133007190000000000000000000000000000000000000000212395736000195ASSOCIACAO ESPIRITA VOVO REI C          RUA GUARABUN 390, FUNDOS                INHAUMA     20761060RIO DE JANEIRO RJUNIAO UMB DOS CULTOS AFRO BRAS    30071915 000138
21300720190000000000080                                                                                                                                                                                                                                                                                                                                                                                   000139
10231987175000168817800093673    000045668                    000456680000000000000109                     I0245668     30071900000000040003410000017N100619105700000000000133007190000000000000000000000000000000000000000100044845251787REGINA CELIA ALMEIDA BASTOS             RUA NELSON PAIXAON 103,                 PAVUNA      21532360RIO DE JANEIRO RJUNIAO UMB DOS CULTOS AFRO BRAS    30071915 000140
21300720190000000000080                                                                                                                                                                                                                                                                                                                                                                                   000141
10231987175000168817800093673    000045632                    000456320000000000000109                     I0245632     30071900000000040003410000017N100619105700000000000133007190000000000000000000000000000000000000000100080373933720LINDINALVA DE LIMA FERREIRA             ESTRADA CRUZ VERMELHA - RUA MARIANO PROCSANTA TERESA26193415BELFORD ROXO   RJUNIAO UMB DOS CULTOS AFRO BRAS    30071915 000142
21300720190000000000080                                                                                                                                                                                                                                                                                                                                                                                   000143
10231987175000168817800093673    000045507                    000455070000000000000109                     I0245507     30071900000000040003410000017N100619105700000000000133007190000000000000000000000000000000000000000100095032061700CILEIA DA ROCHA PACHECO                 RUA DA FLORALIAN 14, FUNDOS             SANTA BARBAR24350000RIO DE JANEIRO RJUNIAO UMB DOS CULTOS AFRO BRAS    30071915 000144
21300720190000000000080                                                                                                                                                                                                                                                                                                                                                                                   000145
10231987175000168817800093673    000045362                    000453620000000000000109                     I3445362     12061900000000040003410000017N070619105700000000000131206190000000000000000000000000000000000000000100071411780744ZULTAMAR MESQUITA DE ALMEIDA            RUA CORONEL JOSE MUNIZN 554,            OLINDA      26545060NILOPOLIS      RJUNIAO UMB DOS CULTOS AFRO BRAS    12061915 000146
21120620190000000000080                                                                                                                                                                                                                                                                                                                                                                                   000147
10231987175000168817800093673    000045361                    000453610000000000000109                     I3445361     12061900000000120003410000017N070619105700000000000401206190000000000000000000000000000000000000000100011766861784MARIA WANDERLEIA MARTINS CRUZ           RUA BRUNO LECININ 375,                  AUSTIN      26279255NOVA IGUACU    RJUNIAO UMB DOS CULTOS AFRO BRAS    12061915 000148
21120620190000000000240                                                                                                                                                                                                                                                                                                                                                                                   000149
10231987175000168817800093673    000045293                    000452930000000000000109                     I3445293     30061900000000220003410000017N210519105700000000000733006190000000000000000000000000000000000000000100013540020756RUTE MEDEIROS VIEIRA                    RUA DEZESSEISN 527,                     SANTA CRUZ  23565450RIO DE JANEIRO RJUNIAO UMB DOS CULTOS AFRO BRAS    30061915 000150
21300620190000000000440                                                                                                                                                                                                                                                                                                                                                                                   000151
10231987175000168817800093673    000045282                    000452820000000000000109                     I0245282     05061900000000400003410000017N170519105700000000001320506190000000000000000000000000000000000000000212395736000195ASSOCIACAO ESPIRITA VOVO REI C          RUA GUARABUN 390, FUNDOS                INHAUMA     20761060RIO DE JANEIRO RJUNIAO UMB DOS CULTOS AFRO BRAS    05061915 000152
21050620190000000000800                                                                                                                                                                                                                                                                                                                                                                                   000153
9                                                                                                                                                                                                                                                                                                                                                                                                         000154
