01REMESSA01COBRANCA       817800093673        União Umb dos Cultos Afro Bra341BANCO ITAU SA  110618                                                                                                                                                                                                                                                                                                      000001
10231987175000168817800093673    000021175                    000211750000000000000109                     I0121175     30081800000000040003410000017N110618104700000000000103008180000000000000000000000000000000000000000100052889378772ANGELA MARIA DA SILVA ANDRADE           WILSON GIL DA MATTA                     CENTRO      25515101SAO JOAO DE MERRJUNIAO UMB DOS CULTOS AFRO BRAS    30081810 000002
10231987175000168817800093673    000021174                    000211740000000000000109                     I0121174     30071800000000040003410000017N110618104700000000000103007180000000000000000000000000000000000000000100052889378772ANGELA MARIA DA SILVA ANDRADE           WILSON GIL DA MATTA                     CENTRO      25515101SAO JOAO DE MERRJUNIAO UMB DOS CULTOS AFRO BRAS    30071810 000003
10231987175000168817800093673    000021173                    000211730000000000000109                     I0121173     30081800000000040003410000017N110618104700000000000103008180000000000000000000000000000000000000000100010486021769SIDNEY RODRIGUES DA SILVA JUNI          NILTON GARCIA                           SAGRADO CORA23065520PACIENCIA      RJUNIAO UMB DOS CULTOS AFRO BRAS    30081810 000004
10231987175000168817800093673    000021172                    000211720000000000000109                     I0121172     30071800000000040003410000017N110618104700000000000103007180000000000000000000000000000000000000000100010486021769SIDNEY RODRIGUES DA SILVA JUNI          NILTON GARCIA                           SAGRADO CORA23065520PACIENCIA      RJUNIAO UMB DOS CULTOS AFRO BRAS    30071810 000005
10231987175000168817800093673    000021171                    000211710000000000000109                     I0121171     15061800000000035003410000017N110618104700000000000101506180000000000000000000000000000000000000000100050995510768MARIA DAS GRACAS DE ANDRADE             RUA, CORONEL FRANCA LEITE Nº 93        FABRICA POLV26246430NILOPOLIS      RJUNIAO UMB DOS CULTOS AFRO BRAS    15061810 000006
10231987175000168817800093673    000021170                    000211700000000000000109                     I0221170     20061800000000070003410000017N110618104700000000000102006180000000000000000000000000000000000000000100088640809704JULIO CESAR SARAIVA PIRES               ESTRADA SANTA MAURA N 103               CURICICA - J22780170RIO DE JANEIRO RJUNIAO UMB DOS CULTOS AFRO BRAS    20061810 000007
10231987175000168817800093673    000021169                    000211690000000000000109                     I0121169     30061800000000100003410000017N110618104700000000000103006180000000000000000000000000000000000000000100003723310761RODRIGO CARDOSO DA CUNHA                EST: VELHA DE MARICA Nº 257 - BALDEADORNITEROI - RJ24140000NITEROI        RJUNIAO UMB DOS CULTOS AFRO BRAS    30061810 000008
10231987175000168817800093673    000021168                    000211680000000000000109                     I0121168     20061800000000035003410000017N110618104700000000000102006180000000000000000000000000000000000000000100009483806755MARCO ANTONIO ATAIDE DE MELO            TRAVESSA MARAPE N 3 FUNDOS              COSTA BARROS21515240RIO DE JANEIRO RJUNIAO UMB DOS CULTOS AFRO BRAS    20061810 000009
10231987175000168817800093673    000021167                    000211670000000000000109                     I0121167     30081800000000040003410000017N080618104700000000000103008180000000000000000000000000000000000000000100041998839753MARIA HELENA FERREIRA DA SILVA          RUA SEBASTIAO DE OLIVEIRA               PACIENCIA   23595100RIO DE JANEIRO RJUNIAO UMB DOS CULTOS AFRO BRAS    30081810 000010
10231987175000168817800093673    000021166                    000211660000000000000109                     I0121166     30071800000000040003410000017N080618104700000000000103007180000000000000000000000000000000000000000100041998839753MARIA HELENA FERREIRA DA SILVA          RUA SEBASTIAO DE OLIVEIRA               PACIENCIA   23595100RIO DE JANEIRO RJUNIAO UMB DOS CULTOS AFRO BRAS    30071810 000011
10231987175000168817800093673    000013686                    000136860000000000000109                     I3413686     30051800000000035003410000017N200218104700000000000103005180000000000000000000000000000000000000000100088640809704JULIO CESAR SARAIVA PIRES               ESTRADA SANTA MAURA N 103               CURICICA - J22780170RIO DE JANEIRO RJUNIAO UMB DOS CULTOS AFRO BRAS    30051810 000012
10231987175000168817800093673    000013510                    000135100000000000000109                     I3413510     30051800000000035003410000017N200218104700000000000103005180000000000000000000000000000000000000000100003360087755ELIENE GONCALVES JACINTO                RUA ALMIRANTE CROCHEME LOTE 6 QUADRA 2  PARADA MORAB25010695DUQUE DE CAXIASRJUNIAO UMB DOS CULTOS AFRO BRAS    30051810 000013
10231987175000168817800093673    000013504                    000135040000000000000109                     I3413504     30051800000000035003410000017N200218104700000000000103005180000000000000000000000000000000000000000100047657383704JAIR LOURENCO DE LIMA                   RUA CONDE DEU N 199                     CASTELANEA -25640340PETROPOLIS     RJUNIAO UMB DOS CULTOS AFRO BRAS    30051810 000014
10231987175000168817800093673    000013298                    000132980000000000000109                     I3413298     30051800000000035003410000017N200218104700000000000103005180000000000000000000000000000000000000000100076862062700MARIO LUIS DE SOUZA                     RUA FERREIRA CHAVES N° 139 CASA 2      VL DA PENHA 21221090RIO DE JANEIRO RJUNIAO UMB DOS CULTOS AFRO BRAS    30051810 000015
10231987175000168817800093673    000013228                    000132280000000000000109                     I3413228     30051800000000035003410000017N200218104700000000000103005180000000000000000000000000000000000000000100082993610791JOSE CARLOS ROSA DA CONCEICAO           AVENIDA CANAL DA FIGUEIRA, QUADRA A LOTEJD ANHANGA -25264160DUQUE DE CAXIASRJUNIAO UMB DOS CULTOS AFRO BRAS    30051810 000016
10231987175000168817800093673    000013103                    000131030000000000000109                     I0213103     30051800000000035003410000017N200218104700000000000103005180000000000000000000000000000000000000000100002316322743REGIANE DE LIMA SANTANA SOBRAL          RUA SARGENTO ANTONIO ERNESTO 682 CASA 14GRANDE RIO -25540040SAO JOAO DE MERRJUNIAO UMB DOS CULTOS AFRO BRAS    30051810 000017
10231987175000168817800093673    000013102                    000131020000000000000109                     I3413102     30051800000000035003410000017N200218104700000000000103005180000000000000000000000000000000000000000200000000010582NILO SERGIO SANTOS BARCELLOS            ESTRADA CORONEL VIEIRA, 134 BLOCO 4 APTOIRAJA - RJ  21220310RIO DE JANEIRO RJUNIAO UMB DOS CULTOS AFRO BRAS    30051810 000018
10231987175000168817800093673    000013097                    000130970000000000000109                     I3413097     30051800000000035003410000017N200218104700000000000103005180000000000000000000000000000000000000000100001961346761MARLENE DE OLIVEIRA MARCOLINO           RUA DOM JOAO BRAGA                      PETROPOLIS  25623519PETROPOLIS     RJUNIAO UMB DOS CULTOS AFRO BRAS    30051810 000019
10231987175000168817800093673    000013096                    000130960000000000000109                     I0213096     30051800000000035003410000017N200218104700000000000103005180000000000000000000000000000000000000000100009545367709VERONICA BRAZ DA SILVA                  RUA SANTA RITA LOTE 17 E 18 QDA 39      PQ. SAO FRAN26355000NOVA IGUACU    RJUNIAO UMB DOS CULTOS AFRO BRAS    30051810 000020
10231987175000168817800093673    000013094                    000130940000000000000109                     I3413094     30051800000000035003410000017N200218104700000000000103005180000000000000000000000000000000000000000100010329411705RODRIGO SILVA DO NASCIMENTO SA          RUA: PAPA FOLHA LOTE 2 QUADRA 28 - VILA DUQUE DE CAX25255190DUQUE DE CAXIASRJUNIAO UMB DOS CULTOS AFRO BRAS    30051810 000021
10231987175000168817800093673    000012899                    000128990000000000000109                     I3412899     30051800000000035003410000017N200218104700000000000103005180000000000000000000000000000000000000000100059395656700NADIA MARIZA CORREA TRINDADE            RUA JORGE SILVA, 25                     PARQUE SAO J23890000RIO DE JANEIRO RJUNIAO UMB DOS CULTOS AFRO BRAS    30051810 000022
10231987175000168817800093673    000012584                    000125840000000000000109                     I3412584     30051800000000035003410000017N200218104700000000000103005180000000000000000000000000000000000000000200000000001652MARIA APARECIDA DOS SANTOS CYP          ESTRADA DO SABONETE, LOTE 25 QUADRA D   ARSENAL - SA24745224SAO GONCALO    RJUNIAO UMB DOS CULTOS AFRO BRAS    30051810 000023
10231987175000168817800093673    000012561                    000125610000000000000109                     I3412561     30051800000000035003410000017N200218104700000000000103005180000000000000000000000000000000000000000200000000007590WANDERLEI ABRANTES TEIXEIRA             RUA LOURDES BARBOSA PASSOS, 26 QUADRA 21BRISA AMAR -23826360ITAGUAI        RJUNIAO UMB DOS CULTOS AFRO BRAS    30051810 000024
10231987175000168817800093673    000012546                    000125460000000000000109                     I3412546     30051800000000035003410000017N200218104700000000000103005180000000000000000000000000000000000000000100062497073791SIDIRENE FRANCISCO MACHADO              RUA PALMEIRA DAS MISSOES 422 FUNDOS     VILA SANTA R23015220CAMPO GRANDE   RJUNIAO UMB DOS CULTOS AFRO BRAS    30051810 000025
10231987175000168817800093673    000012108                    000121080000000000000109                     I3412108     30041800000000035003410000017N200218104700000000000103004180000000000000000000000000000000000000000100053211839704ALCIONE SOUZA DOS SANTOS                RUA: MARINO FELIX Nº 26 - SEPETIBA     RIO DE JANEI23535006RIO DE JANEIRO RJUNIAO UMB DOS CULTOS AFRO BRAS    30041810 000026
10231987175000168817800093673    000012077                    000120770000000000000109                     I3412077     30041800000000035003410000017N200218104700000000000103004180000000000000000000000000000000000000000100088640809704JULIO CESAR SARAIVA PIRES               ESTRADA SANTA MAURA N 103               CURICICA - J22780170RIO DE JANEIRO RJUNIAO UMB DOS CULTOS AFRO BRAS    30041810 000027
10231987175000168817800093673    000011790                    000117900000000000000109                     I3411790     30041800000000035003410000017N200218104700000000000103004180000000000000000000000000000000000000000100003319281755GENILSON CAETANO DA SILVA               RUA JACO MELOTI, 46                     CORUMBA - NO26041790NOVA IGUACU    RJUNIAO UMB DOS CULTOS AFRO BRAS    30041810 000028
10231987175000168817800093673    000011689                    000116890000000000000109                     I3411689     30041800000000035003410000017N200218104700000000000103004180000000000000000000000000000000000000000100076862062700MARIO LUIS DE SOUZA                     RUA FERREIRA CHAVES N° 139 CASA 2      VL DA PENHA 21221090RIO DE JANEIRO RJUNIAO UMB DOS CULTOS AFRO BRAS    30041810 000029
10231987175000168817800093673    000011619                    000116190000000000000109                     I3411619     30041800000000035003410000017N200218104700000000000103004180000000000000000000000000000000000000000100082993610791JOSE CARLOS ROSA DA CONCEICAO           AVENIDA CANAL DA FIGUEIRA, QUADRA A LOTEJD ANHANGA -25264160DUQUE DE CAXIASRJUNIAO UMB DOS CULTOS AFRO BRAS    30041810 000030
10231987175000168817800093673    000011494                    000114940000000000000109                     I0211494     30041800000000035003410000017N200218104700000000000103004180000000000000000000000000000000000000000100002316322743REGIANE DE LIMA SANTANA SOBRAL          RUA SARGENTO ANTONIO ERNESTO 682 CASA 14GRANDE RIO -25540040SAO JOAO DE MERRJUNIAO UMB DOS CULTOS AFRO BRAS    30041810 000031
10231987175000168817800093673    000011488                    000114880000000000000109                     I3411488     30041800000000035003410000017N200218104700000000000103004180000000000000000000000000000000000000000100001961346761MARLENE DE OLIVEIRA MARCOLINO           RUA DOM JOAO BRAGA                      PETROPOLIS  25623519PETROPOLIS     RJUNIAO UMB DOS CULTOS AFRO BRAS    30041810 000032
10231987175000168817800093673    000011487                    000114870000000000000109                     I0211487     30041800000000035003410000017N200218104700000000000103004180000000000000000000000000000000000000000100009545367709VERONICA BRAZ DA SILVA                  RUA SANTA RITA LOTE 17 E 18 QDA 39      PQ. SAO FRAN26355000NOVA IGUACU    RJUNIAO UMB DOS CULTOS AFRO BRAS    30041810 000033
10231987175000168817800093673    000011485                    000114850000000000000109                     I3411485     30041800000000035003410000017N200218104700000000000103004180000000000000000000000000000000000000000100010329411705RODRIGO SILVA DO NASCIMENTO SA          RUA: PAPA FOLHA LOTE 2 QUADRA 28 - VILA DUQUE DE CAX25255190DUQUE DE CAXIASRJUNIAO UMB DOS CULTOS AFRO BRAS    30041810 000034
10231987175000168817800093673    000011290                    000112900000000000000109                     I3411290     30041800000000035003410000017N200218104700000000000103004180000000000000000000000000000000000000000100059395656700NADIA MARIZA CORREA TRINDADE            RUA JORGE SILVA, 25                     PARQUE SAO J23890000RIO DE JANEIRO RJUNIAO UMB DOS CULTOS AFRO BRAS    30041810 000035
10231987175000168817800093673    000010966                    000109660000000000000109                     I3410966     30041800000000035003410000017N200218104700000000000103004180000000000000000000000000000000000000000200000000007946ORQUIDEA JOSE DOS SANTOS                RUA JESSIE VENTURA LOTE 6 QUADRA 7      SANTA CECILI25233130DUQUE DE CAXIASRJUNIAO UMB DOS CULTOS AFRO BRAS    30041810 000036
10231987175000168817800093673    000010952                    000109520000000000000109                     I3410952     30041800000000035003410000017N200218104700000000000103004180000000000000000000000000000000000000000200000000007590WANDERLEI ABRANTES TEIXEIRA             RUA LOURDES BARBOSA PASSOS, 26 QUADRA 21BRISA AMAR -23826360ITAGUAI        RJUNIAO UMB DOS CULTOS AFRO BRAS    30041810 000037
10231987175000168817800093673    000010939                    000109390000000000000109                     I3410939     30041800000000035003410000017N200218104700000000000103004180000000000000000000000000000000000000000100010324446730DEBORA ANDRADE SILVA                    O MESMO                                 O MESMO     22720360RIO DE JANEIRO RJUNIAO UMB DOS CULTOS AFRO BRAS    30041810 000038
10231987175000168817800093673    000010937                    000109370000000000000109                     I3410937     30041800000000035003410000017N200218104700000000000103004180000000000000000000000000000000000000000100062497073791SIDIRENE FRANCISCO MACHADO              RUA PALMEIRA DAS MISSOES 422 FUNDOS     VILA SANTA R23015220CAMPO GRANDE   RJUNIAO UMB DOS CULTOS AFRO BRAS    30041810 000039
10231987175000168817800093673    000010927                    000109270000000000000109                     I3410927     30041800000000035003410000017N200218104700000000000103004180000000000000000000000000000000000000000200000000007695MARCO ANTONIO DA COSTA                  RUA LOIR NOGUEIRA LOTE 10 QUADRA 11     RIO DO OURO 24752840SAO GONCALO    RJUNIAO UMB DOS CULTOS AFRO BRAS    30041810 000040
10231987175000168817800093673    000010873                    000108730000000000000109                     I0210873     30041800000000035003410000017N200218104700000000000103004180000000000000000000000000000000000000000100050995510768MARIA DAS GRACAS DE ANDRADE             RUA, CORONEL FRANCA LEITE Nº 93        FABRICA POLV26246430NILOPOLIS      RJUNIAO UMB DOS CULTOS AFRO BRAS    30041810 000041
10231987175000168817800093673    000010667                    000106670000000000000109                     I0210667     30031800000000035003410000017N200218104700000000000103003180000000000000000000000000000000000000000100007299785757EDSON NUNES DE SOUZA FILHO              O MESMO                                 O MESMO     24415050SAO GONCALO    RJUNIAO UMB DOS CULTOS AFRO BRAS    30031810 000042
10231987175000168817800093673    000010499                    000104990000000000000109                     I3410499     30031800000000035003410000017N200218104700000000000103003180000000000000000000000000000000000000000100053211839704ALCIONE SOUZA DOS SANTOS                RUA: MARINO FELIX Nº 26 - SEPETIBA     RIO DE JANEI23535006RIO DE JANEIRO RJUNIAO UMB DOS CULTOS AFRO BRAS    30031810 000043
10231987175000168817800093673    000010457                    000104570000000000000109                     I3410457     30031800000000035003410000017N200218104700000000000103003180000000000000000000000000000000000000000100005364326780CARLOS ROBERTO DOLORES CORREA           ESTRADA ADHEMAR BEBIANO N 257           DEL CASTILHO21051071RIO DE JANEIRO RJUNIAO UMB DOS CULTOS AFRO BRAS    30031810 000044
10231987175000168817800093673    000010260                    000102600000000000000109                     I3410260     30031800000000035003410000017N200218104700000000000103003180000000000000000000000000000000000000000100074906615791MARIA DE FATIMA FERREIRA TENOR          RUA PRACINHA WALLACE PAES LEME, 1483    CENTRO - NIL26525046NILOPOLIS      RJUNIAO UMB DOS CULTOS AFRO BRAS    30031810 000045
10231987175000168817800093673    000010254                    000102540000000000000109                     I3410254     30031800000000035003410000017N200218104700000000000103003180000000000000000000000000000000000000000100010949550434JOAO BATISTA PEREIRA DE VASCON          RUA NEIDE ALVES DA SILVA, 162           JARDIM SAO S58306450BAYEUX         PBUNIAO UMB DOS CULTOS AFRO BRAS    30031810 000046
10231987175000168817800093673    000010249                    000102490000000000000109                     I3410249     30031800000000035003410000017N200218104700000000000103003180000000000000000000000000000000000000000100060894628704TERESINHA DE JESUS BIL RAMOS T          RUA GENERAL MIGUEL FERREIRA, 178 RUA E CTAQUARA - RI22770590RIO DE JANEIRO RJUNIAO UMB DOS CULTOS AFRO BRAS    30031810 000047
10231987175000168817800093673    000010240                    000102400000000000000109                     I3410240     30031800000000035003410000017N200218104700000000000103003180000000000000000000000000000000000000000100037433288791VERA LUCIA COSTA MOACYR                 RUA JOANA KALIL, LOTE 6 QUADRA 51       JARDIM MERIT25555100SAO JOAO DE MERRJUNIAO UMB DOS CULTOS AFRO BRAS    30031810 000048
10231987175000168817800093673    000010235                    000102350000000000000109                     I3410235     30031800000000035003410000017N200218104700000000000103003180000000000000000000000000000000000000000100002110875720ALEX DA SILVA GUEDES                    RUA: MOACIR DE ALMEIDA                  TOMAS COELHO20740350RIO DE JANEIRO RJUNIAO UMB DOS CULTOS AFRO BRAS    30031810 000049
10231987175000168817800093673    000010080                    000100800000000000000109                     I3410080     30031800000000035003410000017N200218104700000000000103003180000000000000000000000000000000000000000100076862062700MARIO LUIS DE SOUZA                     RUA FERREIRA CHAVES N° 139 CASA 2      VL DA PENHA 21221090RIO DE JANEIRO RJUNIAO UMB DOS CULTOS AFRO BRAS    30031810 000050
10231987175000168817800093673    000010010                    000100100000000000000109                     I3410010     30031800000000035003410000017N200218104700000000000103003180000000000000000000000000000000000000000100082993610791JOSE CARLOS ROSA DA CONCEICAO           AVENIDA CANAL DA FIGUEIRA, QUADRA A LOTEJD ANHANGA -25264160DUQUE DE CAXIASRJUNIAO UMB DOS CULTOS AFRO BRAS    30031810 000051
10231987175000168817800093673    00009885                     000098850000000000000109                     I029885      30031800000000035003410000017N200218104700000000000103003180000000000000000000000000000000000000000100002316322743REGIANE DE LIMA SANTANA SOBRAL          RUA SARGENTO ANTONIO ERNESTO 682 CASA 14GRANDE RIO -25540040SAO JOAO DE MERRJUNIAO UMB DOS CULTOS AFRO BRAS    30031810 000052
10231987175000168817800093673    00009879                     000098790000000000000109                     I349879      30031800000000035003410000017N200218104700000000000103003180000000000000000000000000000000000000000100001961346761MARLENE DE OLIVEIRA MARCOLINO           RUA DOM JOAO BRAGA                      PETROPOLIS  25623519PETROPOLIS     RJUNIAO UMB DOS CULTOS AFRO BRAS    30031810 000053
10231987175000168817800093673    00009878                     000098780000000000000109                     I029878      30031800000000035003410000017N200218104700000000000103003180000000000000000000000000000000000000000100009545367709VERONICA BRAZ DA SILVA                  RUA SANTA RITA LOTE 17 E 18 QDA 39      PQ. SAO FRAN26355000NOVA IGUACU    RJUNIAO UMB DOS CULTOS AFRO BRAS    30031810 000054
10231987175000168817800093673    00009687                     000096870000000000000109                     I349687      30031800000000035003410000017N200218104700000000000103003180000000000000000000000000000000000000000100074789600734SOLANGE MARTINS                         RUA ITAJIBA N 889                       COSMOS - RIO23060450RIO DE JANEIRO RJUNIAO UMB DOS CULTOS AFRO BRAS    30031810 000055
10231987175000168817800093673    00009681                     000096810000000000000109                     I349681      30031800000000035003410000017N200218104700000000000103003180000000000000000000000000000000000000000100059395656700NADIA MARIZA CORREA TRINDADE            RUA JORGE SILVA, 25                     PARQUE SAO J23890000RIO DE JANEIRO RJUNIAO UMB DOS CULTOS AFRO BRAS    30031810 000056
10231987175000168817800093673    00009383                     000093830000000000000109                     I349383      30031800000000035003410000017N200218104700000000000103003180000000000000000000000000000000000000000100098546686734MARCIO NEVES                            RUA FLORIANOPOLIS N 63                  PRACA SECA -21321050RIO DE JANEIRO RJUNIAO UMB DOS CULTOS AFRO BRAS    30031810 000057
10231987175000168817800093673    00009357                     000093570000000000000109                     I349357      30031800000000035003410000017N200218104700000000000103003180000000000000000000000000000000000000000200000000007946ORQUIDEA JOSE DOS SANTOS                RUA JESSIE VENTURA LOTE 6 QUADRA 7      SANTA CECILI25233130DUQUE DE CAXIASRJUNIAO UMB DOS CULTOS AFRO BRAS    30031810 000058
10231987175000168817800093673    00009346                     000093460000000000000109                     I349346      30031800000000035003410000017N200218104700000000000103003180000000000000000000000000000000000000000200000000007838JANILTON DA CRUZ ROCHA                  RUA ALUISIO AZEVEDO LOTE 27 QUADRA 40   IMBARIE - PA25275360PARADA ANGELICARJUNIAO UMB DOS CULTOS AFRO BRAS    30031810 000059
10231987175000168817800093673    00009343                     000093430000000000000109                     I349343      30031800000000035003410000017N200218104700000000000103003180000000000000000000000000000000000000000200000000007590WANDERLEI ABRANTES TEIXEIRA             RUA LOURDES BARBOSA PASSOS, 26 QUADRA 21BRISA AMAR -23826360ITAGUAI        RJUNIAO UMB DOS CULTOS AFRO BRAS    30031810 000060
10231987175000168817800093673    00009342                     000093420000000000000109                     I349342      30031800000000035003410000017N200218104700000000000103003180000000000000000000000000000000000000000200000000007562CONCHETA PERRONI DE SOUZA BRAN          RUA JUSTINO DE SOUSA N 76 CASA 4        SAO CRISTOVA21920030RIO DE JANEIRO RJUNIAO UMB DOS CULTOS AFRO BRAS    30031810 000061
10231987175000168817800093673    00009330                     000093300000000000000109                     I349330      30031800000000035003410000017N200218104700000000000103003180000000000000000000000000000000000000000100010324446730DEBORA ANDRADE SILVA                    O MESMO                                 O MESMO     22720360RIO DE JANEIRO RJUNIAO UMB DOS CULTOS AFRO BRAS    30031810 000062
10231987175000168817800093673    00009324                     000093240000000000000109                     I349324      30031800000000035003410000017N200218104700000000000103003180000000000000000000000000000000000000000100063440512720SILVANA MANGIA DE SOUZA                 RUA ACANTO N 20                         BANGU - RJ  21830080RIO DE JANEIRO RJUNIAO UMB DOS CULTOS AFRO BRAS    30031810 000063
10231987175000168817800093673    00009323                     000093230000000000000109                     I349323      30031800000000035003410000017N200218104700000000000103003180000000000000000000000000000000000000000100063441314700AMARA DE CARVALHO DANIEL                RUA FREDERICO LEAL N 146 CASA 2         BANGU - RIO 21825110RIO DE JANEIRO RJUNIAO UMB DOS CULTOS AFRO BRAS    30031810 000064
10231987175000168817800093673    00009322                     000093220000000000000109                     I349322      30031800000000035003410000017N200218104700000000000103003180000000000000000000000000000000000000000100043397170706VERA LUCIA FERREIRA DA SILVA            RUA ALICE N 183                         COMENDADOR S26262030NOVA IGUACU    RJUNIAO UMB DOS CULTOS AFRO BRAS    30031810 000065
10231987175000168817800093673    00009318                     000093180000000000000109                     I349318      30031800000000035003410000017N200218104700000000000103003180000000000000000000000000000000000000000200000000007695MARCO ANTONIO DA COSTA                  RUA LOIR NOGUEIRA LOTE 10 QUADRA 11     RIO DO OURO 24752840SAO GONCALO    RJUNIAO UMB DOS CULTOS AFRO BRAS    30031810 000066
10231987175000168817800093673    00009308                     000093080000000000000109                     I349308      30031800000000035003410000017N200218104700000000000103003180000000000000000000000000000000000000000100076896960744MARIA LUCIA DE OLIVEIRA NUNES           AVENIDA DO CORRETOR N 116               VILA ALIANCA21842340RIO DE JANEIRO RJUNIAO UMB DOS CULTOS AFRO BRAS    30031810 000067
10231987175000168817800093673    00009264                     000092640000000000000109                     I349264      30031800000000035003410000017N200218104700000000000103003180000000000000000000000000000000000000000100050995510768MARIA DAS GRACAS DE ANDRADE             RUA, CORONEL FRANCA LEITE Nº 93        FABRICA POLV26246430NILOPOLIS      RJUNIAO UMB DOS CULTOS AFRO BRAS    30031810 000068
10231987175000168817800093673    00009124                     000091240000000000000109                     I349124      30031800000000035003410000017N200218104700000000000103003180000000000000000000000000000000000000000200000000001308CACILDA AQUINO DOS SANTOS               RUA CATULO CEARENSE, 119                MEIER  - RJ 20730320RIO DE JANEIRO RJUNIAO UMB DOS CULTOS AFRO BRAS    30031810 000069
10231987175000168817800093673    00008239                     000082390000000000000109                     I348239      28021800000000035003410000017N291217104700000000000102802180000000000000000000000000000000000000000100082993610791JOSE CARLOS ROSA DA CONCEICAO           AVENIDA CANAL DA FIGUEIRA, QUADRA A LOTEJD ANHANGA -25264160DUQUE DE CAXIASRJUNIAO UMB DOS CULTOS AFRO BRAS    28021810 000070
10231987175000168817800093673    00008201                     000082010000000000000109                     I028201      28021800000000035003410000017N291217104700000000000102802180000000000000000000000000000000000000000100002316322743REGIANE DE LIMA SANTANA SOBRAL          RUA SARGENTO ANTONIO ERNESTO 682 CASA 14GRANDE RIO -25540040SAO JOAO DE MERRJUNIAO UMB DOS CULTOS AFRO BRAS    28021810 000071
10231987175000168817800093673    00008198                     000081980000000000000109                     I348198      28021800000000035003410000017N291217104700000000000102802180000000000000000000000000000000000000000100001961346761MARLENE DE OLIVEIRA MARCOLINO           RUA DOM JOAO BRAGA                      PETROPOLIS  25623519PETROPOLIS     RJUNIAO UMB DOS CULTOS AFRO BRAS    28021810 000072
10231987175000168817800093673    00008112                     000081120000000000000109                     I348112      28021800000000035003410000017N291217104700000000000102802180000000000000000000000000000000000000000100059395656700NADIA MARIZA CORREA TRINDADE            RUA JORGE SILVA, 25                     PARQUE SAO J23890000RIO DE JANEIRO RJUNIAO UMB DOS CULTOS AFRO BRAS    28021810 000073
10231987175000168817800093673    00007292                     000072920000000000000109                     I027292      28021800000000035003410000017N271217104700000000000102802180000000000000000000000000000000000000000100007299785757EDSON NUNES DE SOUZA FILHO              O MESMO                                 O MESMO     24415050SAO GONCALO    RJUNIAO UMB DOS CULTOS AFRO BRAS    28021810 000074
10231987175000168817800093673    00006916                     000069160000000000000109                     I346916      28021800000000035003410000017N271217104700000000000102802180000000000000000000000000000000000000000100074906615791MARIA DE FATIMA FERREIRA TENOR          RUA PRACINHA WALLACE PAES LEME, 1483    CENTRO - NIL26525046NILOPOLIS      RJUNIAO UMB DOS CULTOS AFRO BRAS    28021810 000075
10231987175000168817800093673    00006910                     000069100000000000000109                     I346910      28021800000000035003410000017N271217104700000000000102802180000000000000000000000000000000000000000100010949550434JOAO BATISTA PEREIRA DE VASCON          RUA NEIDE ALVES DA SILVA, 162           JARDIM SAO S58306450BAYEUX         PBUNIAO UMB DOS CULTOS AFRO BRAS    28021810 000076
10231987175000168817800093673    00006908                     000069080000000000000109                     I346908      28021800000000035003410000017N271217104700000000000102802180000000000000000000000000000000000000000100007228447786JEFFERSON CACADOR DE LIMA               ESTRADA DO TINDIBA N 744                TAQUARA - RI22740360RIO DE JANEIRO RJUNIAO UMB DOS CULTOS AFRO BRAS    28021810 000077
10231987175000168817800093673    00006900                     000069000000000000000109                     I346900      28021800000000035003410000017N271217104700000000000102802180000000000000000000000000000000000000000100085958549715TANIA REGINA LONTRA BITTENCOUR          RUA MARIO SANTANA, 1 BLOCO 17 APTO 103  WONA  - BELF26176285BELFORD ROXO   RJUNIAO UMB DOS CULTOS AFRO BRAS    28021810 000078
10231987175000168817800093673    00006899                     000068990000000000000109                     I346899      12031800000000035003410000017N271217104700000000000101203180000000000000000000000000000000000000000100037433288791VERA LUCIA COSTA MOACYR                 RUA JOANA KALIL, LOTE 6 QUADRA 51       JARDIM MERIT25555100SAO JOAO DE MERRJUNIAO UMB DOS CULTOS AFRO BRAS    12031810 000079
10231987175000168817800093673    00006779                     000067790000000000000109                     I346779      28021800000000035003410000017N271217104700000000000102802180000000000000000000000000000000000000000100076862062700MARIO LUIS DE SOUZA                     RUA FERREIRA CHAVES N° 139 CASA 2      VL DA PENHA 21221090RIO DE JANEIRO RJUNIAO UMB DOS CULTOS AFRO BRAS    28021810 000080
10231987175000168817800093673    00006386                     000063860000000000000109                     I346386      28021800000000035003410000017N271217104700000000000102802180000000000000000000000000000000000000000100001637090765DEBORA VENTURA CESAR                    RUA DOS CONGREGADOS, 105 CASA 2         HELIOPOLIS  26123020RIO DE JANEIRO RJUNIAO UMB DOS CULTOS AFRO BRAS    28021810 000081
10231987175000168817800093673    00006293                     000062930000000000000109                     I346293      28021800000000035003410000017N271217104700000000000102802180000000000000000000000000000000000000000100062435710763ELI LIMA DOS SANTOS                     RUA DO VERDE CASA 3                     CURICICA - R22712001RIO DE JANEIRO RJUNIAO UMB DOS CULTOS AFRO BRAS    28021810 000082
10231987175000168817800093673    00006086                     000060860000000000000109                     I346086      28021800000000035003410000017N271217104700000000000102802180000000000000000000000000000000000000000200000000001308CACILDA AQUINO DOS SANTOS               RUA CATULO CEARENSE, 119                MEIER  - RJ 20730320RIO DE JANEIRO RJUNIAO UMB DOS CULTOS AFRO BRAS    28021810 000083
10231987175000168817800093673    00005660                     000056600000000000000109                     I345660      31011800000000035003410000017N261217104700000000000103101180000000000000000000000000000000000000000100010949550434JOAO BATISTA PEREIRA DE VASCON          RUA NEIDE ALVES DA SILVA, 162           JARDIM SAO S58306450BAYEUX         PBUNIAO UMB DOS CULTOS AFRO BRAS    31011810 000084
10231987175000168817800093673    00005650                     000056500000000000000109                     I345650      31011800000000035003410000017N261217104700000000000103101180000000000000000000000000000000000000000100085958549715TANIA REGINA LONTRA BITTENCOUR          RUA MARIO SANTANA, 1 BLOCO 17 APTO 103  WONA  - BELF26176285BELFORD ROXO   RJUNIAO UMB DOS CULTOS AFRO BRAS    31011810 000085
10231987175000168817800093673    00005251                     000052510000000000000109                     I345251      31011800000000035003410000017N261217104700000000000103101180000000000000000000000000000000000000000100074789600734SOLANGE MARTINS                         RUA ITAJIBA N 889                       COSMOS - RIO23060450RIO DE JANEIRO RJUNIAO UMB DOS CULTOS AFRO BRAS    31011810 000086
10231987175000168817800093673    00005136                     000051360000000000000109                     I345136      31011800000000035003410000017N261217104700000000000103101180000000000000000000000000000000000000000100001637090765DEBORA VENTURA CESAR                    RUA DOS CONGREGADOS, 105 CASA 2         HELIOPOLIS  26123020RIO DE JANEIRO RJUNIAO UMB DOS CULTOS AFRO BRAS    31011810 000087
10231987175000168817800093673    00004836                     000048360000000000000109                     I344836      31011800000000035003410000017N261217104700000000000103101180000000000000000000000000000000000000000200000000001308CACILDA AQUINO DOS SANTOS               RUA CATULO CEARENSE, 119                MEIER  - RJ 20730320RIO DE JANEIRO RJUNIAO UMB DOS CULTOS AFRO BRAS    31011810 000088
9                                                                                                                                                                                                                                                                                                                                                                                                         000089
