01REMESSA01COBRANCA       916200163100        União Umb dos Cultos Afro Bra341BANCO ITAU SA  010218                                                                                                                                                                                                                                                                                                      000001
10231987175000168916200163100    00009090                     000090900000000000000109                     I019090      06021800000000315003410000017N010218104700000000000100602180000000000000000000000000000000000000000100003778949748MARLENE PEREIRA DA SILVA MELO           RUA BARAO DE AMAZONAS S/Nº             MARIA CONGA 25900000MAGE           RJUNIAO UMB DOS CULTOS AFRO BRAS    06021810 000002
10231987175000168916200163100    00009089                     000090890000000000000109                     I019089      09021800000000140003410000017N310118104700000000000100902180000000000000000000000000000000000000000100007809907735LUCIANA SANTOS DA SILVA                 BECO ADELIA N 3 - NOSSA SENHORA DAS GRACILHA DO GOVE21932003ILHA DO GOVERNARJUNIAO UMB DOS CULTOS AFRO BRAS    09021810 000003
10231987175000168916200163100    00009088                     000090880000000000000109                     I019088      28021800000000035003410000017N310118104700000000000102802180000000000000000000000000000000000000000100004278587716LUCIANO GONCALVES PIRES                 RUA MARECHAL ANTONIO DE SOUSA           JARDIM AMERI21240430RIO DE JANEIRO RJUNIAO UMB DOS CULTOS AFRO BRAS    28021810 000004
10231987175000168916200163100    00009087                     000090870000000000000109                     I019087      28021800000000035003410000017N310118104700000000000102802180000000000000000000000000000000000000000100085953407734CARLA MARIA FERREIRA DA SILVA           RUA: JOSE MARIA DO AMARAL N 40          GUARATIBA - 23028120RIO DE JANEIRO RJUNIAO UMB DOS CULTOS AFRO BRAS    28021810 000005
10231987175000168916200163100    00009086                     000090860000000000000109                     I019086      31011800000000280003410000017N300118104700000000000103101180000000000000000000000000000000000000000100044339682772MARIA APARECIDA DE MOURA MORTA          RUA CARLOS COSTA Nº 25 CASA 2          RIACHUELO  -20970090RIO DE JANEIRO RJUNIAO UMB DOS CULTOS AFRO BRAS    31011810 000006
10231987175000168916200163100    00009049                     000090490000000000000109                     I349049      05021800000000455003410000017N190118104700000000000100502180000000000000000000000000000000000000000100007228447786JEFFERSON CACADOR DE LIMA               ESTRADA DO TINDIBA N 744                TAQUARA - RI22740360RIO DE JANEIRO RJUNIAO UMB DOS CULTOS AFRO BRAS    05021810 000007
10231987175000168916200163100    00008823                     000088230000000000000109                     I028823      31011800000000035003410000017N020118104700000000000103101180000000000000000000000000000000000000000100001872874738ADENILDES ARIFES DE OLIVEIRA            RUA CARLOS SAMPAIO, 246 APTO 702        CENTRO - RJ 20231085RIO DE JANEIRO RJUNIAO UMB DOS CULTOS AFRO BRAS    31011810 000008
10231987175000168916200163100    00008714                     000087140000000000000109                     I028714      31011800000000035003410000017N020118104700000000000103101180000000000000000000000000000000000000000100001057692743ANDRE LUIZ PEDROZA VARELLA              RUA DOIS DE FEVEREIRO, 576 CASA 6 APTO 2ENCANTADO - 20730452RIO DE JANEIRO RJUNIAO UMB DOS CULTOS AFRO BRAS    31011810 000009
10231987175000168916200163100    00008618                     000086180000000000000109                     I028618      31011800000000035003410000017N020118104700000000000103101180000000000000000000000000000000000000000100076658961700BEATRIZ DIAS DO NASCIMENTO              RUA SAO BRUNO N 55 APT 301              PENHA - RIO 21021160RIO DE JANEIRO RJUNIAO UMB DOS CULTOS AFRO BRAS    31011810 000010
10231987175000168916200163100    00008575                     000085750000000000000109                     I028575      31011800000000035003410000017N020118104700000000000103101180000000000000000000000000000000000000000100074192523787RUTH DE OLIVEIRA RAMOS                  O MESMO                                 O MESMO     23028210RIO DE JANEIRO RJUNIAO UMB DOS CULTOS AFRO BRAS    31011810 000011
10231987175000168916200163100    00008549                     000085490000000000000109                     I028549      31011800000000035003410000017N020118104700000000000103101180000000000000000000000000000000000000000100007812001725FLAVIA DA ROSA SANTANA                  RUA PEDRO TELES N° 484 CENTRO          CENTRO-SAO J25515030SAO JOAO DE MERRJUNIAO UMB DOS CULTOS AFRO BRAS    31011810 000012
10231987175000168916200163100    00008518                     000085180000000000000109                     I028518      31011800000000035003410000017N020118104700000000000103101180000000000000000000000000000000000000000100003778949748MARLENE PEREIRA DA SILVA MELO           RUA BARAO DE AMAZONAS S/Nº             MARIA CONGA 25900000MAGE           RJUNIAO UMB DOS CULTOS AFRO BRAS    31011810 000013
10231987175000168916200163100    00008439                     000084390000000000000109                     I028439      31011800000000035003410000017N020118104700000000000103101180000000000000000000000000000000000000000100043185029704SEBASTIAO DA CONCEICAO FILHO            AVENIDA TENENTE AVIADOR NILTON CAMPOS SOTOMAZINHO - 25525512SAO JOAO DE MERRJUNIAO UMB DOS CULTOS AFRO BRAS    31011810 000014
10231987175000168916200163100    00004425                     000044250000000000000109                     I024425      22121700000000350003410000017N171117104700000000000102212170000000000000000000000000000000000000000100005361904708VANESSA SANTIAGO DE AZEVEDO BA          AVENIDA PASTOR MARTIN LUTHERKING JR N 64VICENTE DE C21371310RIO DE JANEIRO RJUNIAO UMB DOS CULTOS AFRO BRAS    22121710 000015
10231987175000168916200163100    00004299                     000042990000000000000109                     I024299      22121700000000350003410000017N171117104700000000000102212170000000000000000000000000000000000000000100093461755753MARCIA SILVA DE ABREU                   AVENIDA DO CATEQUISTA, 43 - BANGU       BANGU - RJ  21842130RIO DE JANEIRO RJUNIAO UMB DOS CULTOS AFRO BRAS    22121710 000016
10231987175000168916200163100    00004260                     000042600000000000000109                     I024260      22121700000000350003410000017N171117104700000000000102212170000000000000000000000000000000000000000100007812146707GRASIELI RIBEIRO DE ALMEIDA             RUA PADRE ARMANDO NOGUEIRA, 30          AGUA SANTA -20745120RIO DE JANEIRO RJUNIAO UMB DOS CULTOS AFRO BRAS    22121710 000017
10231987175000168916200163100    00004199                     000041990000000000000109                     I024199      22121700000000350003410000017N171117104700000000000102212170000000000000000000000000000000000000000100007228447786JEFFERSON CACADOR DE LIMA               ESTRADA DO TINDIBA N 744                TAQUARA - RI22740360RIO DE JANEIRO RJUNIAO UMB DOS CULTOS AFRO BRAS    22121710 000018
10231987175000168916200163100    00004196                     000041960000000000000109                     I024196      22121700000000350003410000017N171117104700000000000102212170000000000000000000000000000000000000000100060894628704TERESINHA DE JESUS BIL RAMOS T          RUA GENERAL MIGUEL FERREIRA, 178 RUA E CTAQUARA - RI22770590RIO DE JANEIRO RJUNIAO UMB DOS CULTOS AFRO BRAS    22121710 000019
10231987175000168916200163100    00004082                     000040820000000000000109                     I344082      22121700000000350003410000017N171117104700000000000102212170000000000000000000000000000000000000000100011385092726ANDRE LEONARDO SILVA DE ARAUJO          RUA CARMINDA, 1359 CASA 4               COELHO DA RO25550136SAO JOAO DE MERRJUNIAO UMB DOS CULTOS AFRO BRAS    22121710 000020
10231987175000168916200163100    00003801                     000038010000000000000109                     I023801      22121700000000350003410000017N171117104700000000000102212170000000000000000000000000000000000000000100007609502707WALDENILSON DUARTE DOS SANTOS           RUA CAMPISTA 90                         CABUCU - NOV26355500RIO DE JANEIRO RJUNIAO UMB DOS CULTOS AFRO BRAS    22121710 000021
10231987175000168916200163100    00003551                     000035510000000000000109                     I023551      15011800000000350003410000017N171117104700000000000101501180000000000000000000000000000000000000000100007742829754CARLOS ANDERSON DA SILVA DIAS           RUA COSMORAMA, 700 COMPL. CAMELIA 120   MESQUITA - R26582020RIO DE JANEIRO RJUNIAO UMB DOS CULTOS AFRO BRAS    15011810 000022
10231987175000168916200163100    00003264                     000032640000000000000109                     I023264      22121700000000350003410000017N171117104700000000000102212170000000000000000000000000000000000000000100063299615734MAGALI MAXIMO DE SOUZA                  O MESMO                                 O MESMO     26545460NILOPOLIS      RJUNIAO UMB DOS CULTOS AFRO BRAS    22121710 000023
10231987175000168916200163100    00002973                     000029730000000000000109                     I022973      31121700000000035003410000017N131117104700000000000103112170000000000000000000000000000000000000000100005361904708VANESSA SANTIAGO DE AZEVEDO BA          AVENIDA PASTOR MARTIN LUTHERKING JR N 64VICENTE DE C21371310RIO DE JANEIRO RJUNIAO UMB DOS CULTOS AFRO BRAS    31121710 000024
10231987175000168916200163100    00002847                     000028470000000000000109                     I022847      31121700000000035003410000017N131117104700000000000103112170000000000000000000000000000000000000000100093461755753MARCIA SILVA DE ABREU                   AVENIDA DO CATEQUISTA, 43 - BANGU       BANGU - RJ  21842130RIO DE JANEIRO RJUNIAO UMB DOS CULTOS AFRO BRAS    31121710 000025
10231987175000168916200163100    00002809                     000028090000000000000109                     I022809      31121700000000035003410000017N131117104700000000000103112170000000000000000000000000000000000000000100007812146707GRASIELI RIBEIRO DE ALMEIDA             RUA PADRE ARMANDO NOGUEIRA, 30          AGUA SANTA -20745120RIO DE JANEIRO RJUNIAO UMB DOS CULTOS AFRO BRAS    31121710 000026
10231987175000168916200163100    00002744                     000027440000000000000109                     I022744      31121700000000035003410000017N131117104700000000000103112170000000000000000000000000000000000000000100007228447786JEFFERSON CACADOR DE LIMA               ESTRADA DO TINDIBA N 744                TAQUARA - RI22740360RIO DE JANEIRO RJUNIAO UMB DOS CULTOS AFRO BRAS    31121710 000027
10231987175000168916200163100    00002624                     000026240000000000000109                     I022624      31121700000000035003410000017N131117104700000000000103112170000000000000000000000000000000000000000100011385092726ANDRE LEONARDO SILVA DE ARAUJO          RUA CARMINDA, 1359 CASA 4               COELHO DA RO25550136SAO JOAO DE MERRJUNIAO UMB DOS CULTOS AFRO BRAS    31121710 000028
10231987175000168916200163100    00001770                     000017700000000000000109                     I021770      31121700000000035003410000017N131117104700000000000103112170000000000000000000000000000000000000000100063299615734MAGALI MAXIMO DE SOUZA                  O MESMO                                 O MESMO     26545460NILOPOLIS      RJUNIAO UMB DOS CULTOS AFRO BRAS    31121710 000029
9                                                                                                                                                                                                                                                                                                                                                                                                         000030
