01REMESSA01COBRANCA       817800093673        União Umb dos Cultos Afro Bra341BANCO ITAU SA  160819                                                                                                                                                                                                                                                                                                      000001
10231987175000168817800093673    000054046                    000540460000000000000109                     I0154046     16091900000000080003410000017N160819105700000000000261609190000000000000000000000000000000000000000100096933836720CELIA GOMES DE OLIVEIRA FALCAO          RUA CONDOMINIO 1º DE MAION 227, B      MADAME MACHA23740020PETROPOLIS     RJUNIAO UMB DOS CULTOS AFRO BRAS    16091915 000002
21160920190000000000160                                                                                                                                                                                                                                                                                                                                                                                   000003
10231987175000168817800093673    000054045                    000540450000000000000109                     I0154045     30081900000000040003410000017N160819105700000000000133008190000000000000000000000000000000000000000100007271009710MARCELLO FERREIRA DE ARAUJO             RUA IPEUVAN 106,                        BRAZ DE PINA21215400RIO DE JANEIRO RJUNIAO UMB DOS CULTOS AFRO BRAS    30081915 000004
21300820190000000000080                                                                                                                                                                                                                                                                                                                                                                                   000005
10231987175000168817800093673    000054044                    000540440000000000000109                     I0154044     16091900000000300003410000017N160819105700000000000991609190000000000000000000000000000000000000000100009329422705FABIO SANTANA DE ANDRADE                RUA: GENERAL SILVEIRA SOBRINHON 452,    VILA DA PENH21221290RIO DE JANEIRO RJUNIAO UMB DOS CULTOS AFRO BRAS    16091915 000006
21160920190000000000600                                                                                                                                                                                                                                                                                                                                                                                   000007
10231987175000168817800093673    000054043                    000540430000000000000109                     I0154043     20081900000000160003410000017N160819105700000000000532008190000000000000000000000000000000000000000100008067836728BRUNO HENRIQUE DA COSTA SILVA           RUA SOARES TAVARESN 51, FUNDOS          IRAJA       21361360RIO DE JANEIRO RJUNIAO UMB DOS CULTOS AFRO BRAS    20081915 000008
21200820190000000000320                                                                                                                                                                                                                                                                                                                                                                                   000009
10231987175000168817800093673    000054042                    000540420000000000000109                     I0154042     30091900000000040003410000017N160819105700000000000133009190000000000000000000000000000000000000000100001264706774JUREMA DE OLIVEIRA SACRAMENTO           RUA ANTONIO BADAJOSN 125, CASA          OSWALDO CRUZ21351170RIO DE JANEIRO RJUNIAO UMB DOS CULTOS AFRO BRAS    30091915 000010
21300920190000000000080                                                                                                                                                                                                                                                                                                                                                                                   000011
10231987175000168817800093673    000054041                    000540410000000000000109                     I0154041     30081900000000200003410000017N160819105700000000000663008190000000000000000000000000000000000000000100075164779749IVANILDO FURTADO DA SILVA               RUA: LUIZ DE CASTRON 206, FUNDOS        PILARES     21760732RIO DE JANEIRO RJUNIAO UMB DOS CULTOS AFRO BRAS    30081915 000012
21300820190000000000400                                                                                                                                                                                                                                                                                                                                                                                   000013
10231987175000168817800093673    000054040                    000540400000000000000109                     I0154040     30081900000000240003410000017N160819105700000000000793008190000000000000000000000000000000000000000100069833850715WALTER LIMA DE AVELLAR                  RUA SAO JOSEN 0, QUADRA 47 LOTE 19      PRAIA DE ITA24936735MARICA         RJUNIAO UMB DOS CULTOS AFRO BRAS    30081915 000014
21300820190000000000480                                                                                                                                                                                                                                                                                                                                                                                   000015
10231987175000168817800093673    000054039                    000540390000000000000109                     I0154039     30091900000000040003410000017N160819105700000000000133009190000000000000000000000000000000000000000100011805019775JOHN LENNON SILVA BRUM DE OLIV          ESTRADA DO GUANDU DO SENAN 5106,        BANGU       21853001RIO DE JANEIRO RJUNIAO UMB DOS CULTOS AFRO BRAS    30091915 000016
21300920190000000000080                                                                                                                                                                                                                                                                                                                                                                                   000017
10231987175000168817800093673    000053734                    000537340000000000000109                     I0253734     30081900000000250003410000017N020819105700000000000833008190000000000000000000000000000000000000000100007202542722MIRLA SUSANI DA SILVA SALES             RUA: DOUTOR FREDERICON 395,             LAGOINHA    26296414NOVA IGUACU    RJUNIAO UMB DOS CULTOS AFRO BRAS    30081915 000018
21300820190000000000500                                                                                                                                                                                                                                                                                                                                                                                   000019
10231987175000168817800093673    000049764                    000497640000000000000109                     I0249764     05071900000000200003410000017N240619105700000000000660507190000000000000000000000000000000000000000100075745658720ELIZIETE COIMBRA DE FRANCA              RUA SAO LOURENCON 99,                   SANTA RITA  26050630NOVA IGUACU    RJUNIAO UMB DOS CULTOS AFRO BRAS    05071915 000020
21050720190000000000400                                                                                                                                                                                                                                                                                                                                                                                   000021
10231987175000168817800093673    000048837                    000488370000000000000109                     I0248837     30091900000000040003410000017N100619105700000000000133009190000000000000000000000000000000000000000100075745658720ELIZIETE COIMBRA DE FRANCA              RUA SAO LOURENCON 99,                   SANTA RITA  26050630NOVA IGUACU    RJUNIAO UMB DOS CULTOS AFRO BRAS    30091915 000022
21300920190000000000080                                                                                                                                                                                                                                                                                                                                                                                   000023
10231987175000168817800093673    000048734                    000487340000000000000109                     I0248734     30091900000000040003410000017N100619105700000000000133009190000000000000000000000000000000000000000100000001795740MARINA CEZARIO AMARAL                   RUA CORONEL JOAQUIM MENDESN 38,         COLUBANDE   24744570SAO GONCALO    RJUNIAO UMB DOS CULTOS AFRO BRAS    30091915 000024
21300920190000000000080                                                                                                                                                                                                                                                                                                                                                                                   000025
10231987175000168817800093673    000048716                    000487160000000000000109                     I0248716     30091900000000040003410000017N100619105700000000000133009190000000000000000000000000000000000000000100077175522720ARLINE FAUSTINA DA SILVA MAGNO          RUA GILMAR WILSON FRANCISCON 0, CASA 4 QBOA FE      23855004SEROPEDICA     RJUNIAO UMB DOS CULTOS AFRO BRAS    30091915 000026
21300920190000000000080                                                                                                                                                                                                                                                                                                                                                                                   000027
10231987175000168817800093673    000047398                    000473980000000000000109                     I0247398     30081900000000040003410000017N100619105700000000000133008190000000000000000000000000000000000000000100075745658720ELIZIETE COIMBRA DE FRANCA              RUA SAO LOURENCON 99,                   SANTA RITA  26050630NOVA IGUACU    RJUNIAO UMB DOS CULTOS AFRO BRAS    30081915 000028
21300820190000000000080                                                                                                                                                                                                                                                                                                                                                                                   000029
10231987175000168817800093673    000047278                    000472780000000000000109                     I0247278     30081900000000040003410000017N100619105700000000000133008190000000000000000000000000000000000000000100077175522720ARLINE FAUSTINA DA SILVA MAGNO          RUA GILMAR WILSON FRANCISCON 0, CASA 4 QBOA FE      23855004SEROPEDICA     RJUNIAO UMB DOS CULTOS AFRO BRAS    30081915 000030
21300820190000000000080                                                                                                                                                                                                                                                                                                                                                                                   000031
10231987175000168817800093673    000046177                    000461770000000000000109                     I0246177     30071900000000040003410000017N100619105700000000000133007190000000000000000000000000000000000000000100069833850715WALTER LIMA DE AVELLAR                  RUA SAO JOSEN 0, QUADRA 47 LOTE 19      PRAIA DE ITA24936735MARICA         RJUNIAO UMB DOS CULTOS AFRO BRAS    30071915 000032
21300720190000000000080                                                                                                                                                                                                                                                                                                                                                                                   000033
10231987175000168817800093673    000045969                    000459690000000000000109                     I0245969     30071900000000040003410000017N100619105700000000000133007190000000000000000000000000000000000000000100075745658720ELIZIETE COIMBRA DE FRANCA              RUA SAO LOURENCON 99,                   SANTA RITA  26050630NOVA IGUACU    RJUNIAO UMB DOS CULTOS AFRO BRAS    30071915 000034
21300720190000000000080                                                                                                                                                                                                                                                                                                                                                                                   000035
10231987175000168817800093673    000045852                    000458520000000000000109                     I0245852     30071900000000040003410000017N100619105700000000000133007190000000000000000000000000000000000000000100077175522720ARLINE FAUSTINA DA SILVA MAGNO          RUA GILMAR WILSON FRANCISCON 0, CASA 4 QBOA FE      23855004SEROPEDICA     RJUNIAO UMB DOS CULTOS AFRO BRAS    30071915 000036
21300720190000000000080                                                                                                                                                                                                                                                                                                                                                                                   000037
9                                                                                                                                                                                                                                                                                                                                                                                                         000038
