01REMESSA01COBRANCA       817800093673        União Umb dos Cultos Afro Bra341BANCO ITAU SA  090818                                                                                                                                                                                                                                                                                                      000001
10231987175000168817800093673    000021378                    000213780000000000000109                     I0121378     05111800000000233003410000017N080818104700000000000100511180000000000000000000000000000000000000000100000000009290CARMEN NAJARA BAUCE DA SILVA            O MESMO                                 O MESMO     00000000TERESOPOLIS    RJUNIAO UMB DOS CULTOS AFRO BRAS    05111810 000002
10231987175000168817800093673    000021377                    000213770000000000000109                     I0121377     05101800000000233003410000017N080818104700000000000100510180000000000000000000000000000000000000000100000000009290CARMEN NAJARA BAUCE DA SILVA            O MESMO                                 O MESMO     00000000TERESOPOLIS    RJUNIAO UMB DOS CULTOS AFRO BRAS    05101810 000003
10231987175000168817800093673    000021376                    000213760000000000000109                     I0121376     05091800000000234003410000017N080818104700000000000100509180000000000000000000000000000000000000000100000000009290CARMEN NAJARA BAUCE DA SILVA            O MESMO                                 O MESMO     00000000TERESOPOLIS    RJUNIAO UMB DOS CULTOS AFRO BRAS    05091810 000004
10231987175000168817800093673    000021375                    000213750000000000000109                     I0121375     30081800000000035003410000017N070818104700000000000103008180000000000000000000000000000000000000000100001786216760WASHINGTON FERNANDO DA CONCEIC          RUA DONA ELVIRA                         NOVO HORIZON25937112MAGE           RJUNIAO UMB DOS CULTOS AFRO BRAS    30081810 000005
10231987175000168817800093673    000021374                    000213740000000000000109                     I0121374     20081800000000700003410000017N070818104700000000000102008180000000000000000000000000000000000000000100000000011915LUIS CARLOS FARIAS DUARTE               O MESMO                                 O MESMO     23070430RIO DE JANEIRO RJUNIAO UMB DOS CULTOS AFRO BRAS    20081810 000006
10231987175000168817800093673    000021373                    000213730000000000000109                     I0121373     15081800000000175003410000017N070818104700000000000101508180000000000000000000000000000000000000000100055570720715ATILA CARDOSO DE LIMA                   RUA EUGENIO SOARES, 270                 CENTRO - MES26550007MESQUITA       RJUNIAO UMB DOS CULTOS AFRO BRAS    15081810 000007
10231987175000168817800093673    000021372                    000213720000000000000109                     I0121372     10081800000000035003410000017N070818104700000000000101008180000000000000000000000000000000000000000100060894628704TERESINHA DE JESUS BIL RAMOS T          RUA GENERAL MIGUEL FERREIRA, 178 RUA E CTAQUARA - RI22770590RIO DE JANEIRO RJUNIAO UMB DOS CULTOS AFRO BRAS    10081810 000008
10231987175000168817800093673    000021371                    000213710000000000000109                     I0121371     09081800000000070003410000017N070818104700000000000100908180000000000000000000000000000000000000000100074597035753LUCIMAR DE SOUZA DIAS                   RUA LIGIA MALAGUTI, 150                 BOMBAS DO GU26357000NOVA IGUACU    RJUNIAO UMB DOS CULTOS AFRO BRAS    09081810 000009
10231987175000168817800093673    000021370                    000213700000000000000109                     I0121370     30081800000000210003410000017N060818104700000000000103008180000000000000000000000000000000000000000100002413896740ADRIANO CAMILO DOS SANTOS               RUA SANTA ISABEL, 328 CASA 9            PALHADA - NO26290102NOVA IGUACU    RJUNIAO UMB DOS CULTOS AFRO BRAS    30081810 000010
10231987175000168817800093673    000021369                    000213690000000000000109                     I0121369     15081800000000350003410000017N060818104700000000000101508180000000000000000000000000000000000000000100069725209753YRACE MOEMA GRAULT SCHNOOR              RUA ATILIO PIFIER                       SEPETIBA - R23535010RIO DE JANEIRO RJUNIAO UMB DOS CULTOS AFRO BRAS    15081810 000011
10231987175000168817800093673    000021368                    000213680000000000000109                     I0121368     30081800000000315003410000017N060818104700000000000103008180000000000000000000000000000000000000000100002413896740ADRIANO CAMILO DOS SANTOS               RUA SANTA ISABEL, 328 CASA 9            PALHADA - NO26290102NOVA IGUACU    RJUNIAO UMB DOS CULTOS AFRO BRAS    30081810 000012
10231987175000168817800093673    000021367                    000213670000000000000109                     I0121367     30081800000000040003410000017N030818104700000000000103008180000000000000000000000000000000000000000100053860225120OTILIA REGINA DE ALENCAR                RUA: PROJETADA 1                        VERIDIANA   00000000RIO DE JANEIRO RJUNIAO UMB DOS CULTOS AFRO BRAS    30081810 000013
10231987175000168817800093673    000021365                    000213650000000000000109                     I0121365     30081800000000035003410000017N030818104700000000000103008180000000000000000000000000000000000000000100000000010261CARLOS ALBERTO DE SOUZA CALDAS          O MESMO                                 O MESMO     26351590QUEIMADOS      RJUNIAO UMB DOS CULTOS AFRO BRAS    30081810 000014
10231987175000168817800093673    000021364                    000213640000000000000109                     I0121364     30081800000000035003410000017N030818104700000000000103008180000000000000000000000000000000000000000100000000011401FABIANO DE AGUIAR - T AYRA              RUA 55                                  NOSSA SENHOR23097485CAMPO GRANDE   RJUNIAO UMB DOS CULTOS AFRO BRAS    30081810 000015
10231987175000168817800093673    000021363                    000213630000000000000109                     I0121363     30081800000000035003410000017N030818104700000000000103008180000000000000000000000000000000000000000100093461526720MARIELZA DE SOUZA COSTA                 ESTRADA: DO LAMEIRAO                    RIO DE JANEI23092032RIO DE JANEIRO RJUNIAO UMB DOS CULTOS AFRO BRAS    30081810 000016
10231987175000168817800093673    000021362                    000213620000000000000109                     I0121362     15081800000000070003410000017N020818104700000000000101508180000000000000000000000000000000000000000100000000000409CARLOS HENRIQUE LOPES ROSA              RUA: ROSA MULLER                        VILAR DOS TE25560355SAO JOAO DE MERRJUNIAO UMB DOS CULTOS AFRO BRAS    15081810 000017
10231987175000168817800093673    000021361                    000213610000000000000109                     I0121361     30081800000000040003410000017N020818104700000000000103008180000000000000000000000000000000000000000100003538359784MARCIO SANTANA DA ROCHA                 ESTRADA: DA CAPOEIRA GRANDE             GUARATIBA   00000000RIO DE JANEIRO RJUNIAO UMB DOS CULTOS AFRO BRAS    30081810 000018
10231987175000168817800093673    000021360                    000213600000000000000109                     I0121360     30081800000000040003410000017N010818104700000000000103008180000000000000000000000000000000000000000100092802737791CARMEN DEA NOGUEIRA DIAS                AVENIDA: MACHADO DE ASSIS               VILA IBIRAPI23811820ITAGUAI        RJUNIAO UMB DOS CULTOS AFRO BRAS    30081810 000019
10231987175000168817800093673    000021359                    000213590000000000000109                     I0121359     06081800000000350003410000017N010818104700000000000100608180000000000000000000000000000000000000000100001343627729RICARDO CADER DA SILVA                  RUA: MONCLARO MENA BARRETO N° 49       VILA VALQUEI22010010RIO DE JANEIRO RJUNIAO UMB DOS CULTOS AFRO BRAS    06081810 000020
10231987175000168817800093673    000021358                    000213580000000000000109                     I0221358     06081800000000280003410000017N010818104700000000000100608180000000000000000000000000000000000000000100001343627729RICARDO CADER DA SILVA                  RUA: MONCLARO MENA BARRETO N° 49       VILA VALQUEI22010010RIO DE JANEIRO RJUNIAO UMB DOS CULTOS AFRO BRAS    06081810 000021
10231987175000168817800093673    000021357                    000213570000000000000109                     I0121357     30081800000000280003410000017N010818104700000000000103008180000000000000000000000000000000000000000100005241615776SIMONE ALICE CACCAVO GRIBEL             RUA VENEZA, 142                         PRAIA DE MAU25900000MAGE           RJUNIAO UMB DOS CULTOS AFRO BRAS    30081810 000022
10231987175000168817800093673    000021356                    000213560000000000000109                     I0221356     30081800000000280003410000017N010818104700000000000103008180000000000000000000000000000000000000000100005241615776SIMONE ALICE CACCAVO GRIBEL             RUA VENEZA, 142                         PRAIA DE MAU25900000MAGE           RJUNIAO UMB DOS CULTOS AFRO BRAS    30081810 000023
10231987175000168817800093673    000021355                    000213550000000000000109                     I0121355     30081800000000040003410000017N010818104700000000000103008180000000000000000000000000000000000000000100045965986734ELISABETH BARRETO DO COUTO ALV          RUA: SAMUEL GUIMARAES                   SAO FRANCISC22270000RIO DE JANEIRO RJUNIAO UMB DOS CULTOS AFRO BRAS    30081810 000024
10231987175000168817800093673    000021339                    000213390000000000000109                     I3421339     10081800000000420983410000017N300718104700000000000101008180000000000000000000000000000000000000000100068760680725ANNA LUCIA DE SOUZA                     RUA: JOAO DANIEL                        BENTO RIBEIR21550480RIO DE JANEIRO RJUNIAO UMB DOS CULTOS AFRO BRAS    10081810 000025
10231987175000168817800093673    000021273                    000212730000000000000109                     I0221273     10071800000000620223410000017N040718104700000000000101007180000000000000000000000000000000000000000100025937030753MANOEL GABRIEL DA SILVA                 RUA: ALCIDES MAIA                       BENTO RIBEIR21550560RIO DE JANEIRO RJUNIAO UMB DOS CULTOS AFRO BRAS    10071810 000026
10231987175000168817800093673    000021263                    000212630000000000000109                     I0221263     10071800000000533253410000017N040718104700000000000101007180000000000000000000000000000000000000000100093728467791ALEX DE SOUZA MARTINS                   RUA: JOAO DANIEL                        BENTO RIBEIR21550480RIO DE JANEIRO RJUNIAO UMB DOS CULTOS AFRO BRAS    10071810 000027
9                                                                                                                                                                                                                                                                                                                                                                                                         000028
