01REMESSA01COBRANCA       916200163100        União Umb dos Cultos Afro Bra341BANCO ITAU SA  150318                                                                                                                                                                                                                                                                                                      000001
10231987175000168916200163100    000014228                    000142280000000000000109                     I0114228     23031800000000210003410000017N150318104700000000000102303180000000000000000000000000000000000000000100074624792234MARILZA COSTA FERREIRA                  RUA INHANDUI, 128                       BENFICA - RJ20930120RIO DE JANEIRO RJUNIAO UMB DOS CULTOS AFRO BRAS    23031810 000002
10231987175000168916200163100    000014227                    000142270000000000000109                     I0114227     20031800000000340003410000017N150318104700000000000102003180000000000000000000000000000000000000000100010765062755IVONE JOAO PEDRO                        RUA MARMIARI                            SENADOR CAMA21831000RIO DE JANEIRO RJUNIAO UMB DOS CULTOS AFRO BRAS    20031810 000003
10231987175000168916200163100    000014226                    000142260000000000000109                     I0214226     30051800000000035003410000017N150318104700000000000103005180000000000000000000000000000000000000000100010765062755IVONE JOAO PEDRO                        RUA MARMIARI                            SENADOR CAMA21831000RIO DE JANEIRO RJUNIAO UMB DOS CULTOS AFRO BRAS    30051810 000004
10231987175000168916200163100    000014225                    000142250000000000000109                     I0214225     30041800000000035003410000017N150318104700000000000103004180000000000000000000000000000000000000000100010765062755IVONE JOAO PEDRO                        RUA MARMIARI                            SENADOR CAMA21831000RIO DE JANEIRO RJUNIAO UMB DOS CULTOS AFRO BRAS    30041810 000005
10231987175000168916200163100    000014224                    000142240000000000000109                     I0114224     30051800000000035003410000017N150318104700000000000103005180000000000000000000000000000000000000000100085957679720MARIA DA APARECIDA VICENTE DUQ          RUA: FRANCISCO VIOLTI                   HELIOPLOIS  26125440BELFORD ROXO   RJUNIAO UMB DOS CULTOS AFRO BRAS    30051810 000006
10231987175000168916200163100    000014223                    000142230000000000000109                     I0114223     30041800000000035003410000017N150318104700000000000103004180000000000000000000000000000000000000000100085957679720MARIA DA APARECIDA VICENTE DUQ          RUA: FRANCISCO VIOLTI                   HELIOPLOIS  26125440BELFORD ROXO   RJUNIAO UMB DOS CULTOS AFRO BRAS    30041810 000007
10231987175000168916200163100    000014222                    000142220000000000000109                     I0114222     30051800000000035003410000017N150318104700000000000103005180000000000000000000000000000000000000000100005933193704ANA PAULA DA SILVA SANTOS               RUA: APIACA                             JARDIM BARRO25267290DUQUE DE CAXIASRJUNIAO UMB DOS CULTOS AFRO BRAS    30051810 000008
10231987175000168916200163100    000014221                    000142210000000000000109                     I0114221     30041800000000035003410000017N150318104700000000000103004180000000000000000000000000000000000000000100005933193704ANA PAULA DA SILVA SANTOS               RUA: APIACA                             JARDIM BARRO25267290DUQUE DE CAXIASRJUNIAO UMB DOS CULTOS AFRO BRAS    30041810 000009
10231987175000168916200163100    000014220                    000142200000000000000109                     I0114220     30051800000000035003410000017N150318104700000000000103005180000000000000000000000000000000000000000100065065325749MARIA LUISA CHAGAS SILVA                RUA BOGARI N°16  BELFORD ROXO          JD XAVANTES 26160190BELFORD ROXO   RJUNIAO UMB DOS CULTOS AFRO BRAS    30051810 000010
10231987175000168916200163100    000014219                    000142190000000000000109                     I0114219     30041800000000035003410000017N150318104700000000000103004180000000000000000000000000000000000000000100065065325749MARIA LUISA CHAGAS SILVA                RUA BOGARI N°16  BELFORD ROXO          JD XAVANTES 26160190BELFORD ROXO   RJUNIAO UMB DOS CULTOS AFRO BRAS    30041810 000011
10231987175000168916200163100    000014218                    000142180000000000000109                     I0214218     30051800000000035003410000017N150318104700000000000103005180000000000000000000000000000000000000000100065065325749MARIA LUISA CHAGAS SILVA                RUA BOGARI N°16  BELFORD ROXO          JD XAVANTES 26160190BELFORD ROXO   RJUNIAO UMB DOS CULTOS AFRO BRAS    30051810 000012
10231987175000168916200163100    000014217                    000142170000000000000109                     I0214217     30041800000000035003410000017N150318104700000000000103004180000000000000000000000000000000000000000100065065325749MARIA LUISA CHAGAS SILVA                RUA BOGARI N°16  BELFORD ROXO          JD XAVANTES 26160190BELFORD ROXO   RJUNIAO UMB DOS CULTOS AFRO BRAS    30041810 000013
10231987175000168916200163100    000014216                    000142160000000000000109                     I0114216     30051800000000035003410000017N150318104700000000000103005180000000000000000000000000000000000000000100010018753701PAULA DE BRITO                          RUA FRANCISCO VIOLTI                    HELIOPOLIS  26125440RIO DE JANEIRO RJUNIAO UMB DOS CULTOS AFRO BRAS    30051810 000014
10231987175000168916200163100    000014215                    000142150000000000000109                     I0114215     30041800000000035003410000017N150318104700000000000103004180000000000000000000000000000000000000000100010018753701PAULA DE BRITO                          RUA FRANCISCO VIOLTI                    HELIOPOLIS  26125440RIO DE JANEIRO RJUNIAO UMB DOS CULTOS AFRO BRAS    30041810 000015
10231987175000168916200163100    000014177                    000141770000000000000109                     I0214177     07031800000000035003410000017N060318104700000000000100703180000000000000000000000000000000000000000100007682577789CLAUDIA CRISTINA CARVALHO AREA          RUA ALFAZEMA, 91 CASA 1                 PADRE MIGUEL21720360RIO DE JANEIRO RJUNIAO UMB DOS CULTOS AFRO BRAS    07031810 000016
10231987175000168916200163100    00008532                     000085320000000000000109                     I028532      31011800000000035003410000017N020118104700000000000103101180000000000000000000000000000000000000000100082335400720PAULO FONSECA DA SILVA                  RUA DAS CAMELIAS LOTE 24 E 25 QUADRA 10 SANTO ANTONI25235108RIO DE JANEIRO RJUNIAO UMB DOS CULTOS AFRO BRAS    31011810 000017
10231987175000168916200163100    00008451                     000084510000000000000109                     I028451      31011800000000035003410000017N020118104700000000000103101180000000000000000000000000000000000000000100037019449700CELIA REGINA OLIVEIRA DOS SANT          RUA  MINISTRO ARTHUR COSTA, 1283        JARDIM AMERI21240120RIO DE JANEIRO RJUNIAO UMB DOS CULTOS AFRO BRAS    31011810 000018
10231987175000168916200163100    00004593                     000045930000000000000109                     I024593      22121700000000350003410000017N171117104700000000000102212170000000000000000000000000000000000000000100012993228257ANDREIA CRISTINA VICENTE                RUA CORONEL CARLOS MATOS                PARQUE JOAO 25030140DUQUE DE CAXIASRJUNIAO UMB DOS CULTOS AFRO BRAS    22121710 000019
10231987175000168916200163100    00004589                     000045890000000000000109                     I024589      22121700000000350003410000017N171117104700000000000102212170000000000000000000000000000000000000000100009416663794IGOR DO NASCIMENTO RODRIGUES            RUA FIGUEIREDO ROCHA N 665              VIGARIO GERA21240660RIO DE JANEIRO RJUNIAO UMB DOS CULTOS AFRO BRAS    22121710 000020
10231987175000168916200163100    00004279                     000042790000000000000109                     I024279      22121700000000350003410000017N171117104700000000000102212170000000000000000000000000000000000000000100082977852700ISAURA FERNANDES FERREIRA               RUA DENVER, LOTE 23 QUADRA 15           PIAM - BELFO26115590BELFORD ROXO   RJUNIAO UMB DOS CULTOS AFRO BRAS    22121710 000021
10231987175000168916200163100    00003557                     000035570000000000000109                     I023557      22121700000000350003410000017N171117104700000000000102212170000000000000000000000000000000000000000100002344767703ROSINETE FERREIRA CAMARGO               O MESMO                                 O MESMO     22733130RIO DE JANEIRO RJUNIAO UMB DOS CULTOS AFRO BRAS    22121710 000022
10231987175000168916200163100    00003246                     000032460000000000000109                     I023246      22121700000000350003410000017N171117104700000000000102212170000000000000000000000000000000000000000100003388076758ROSALINA MARIA NEVES                    RUA LAURINDO FILHO, 199 CASA 6          CASCADURA - 21370260RIO DE JANEIRO RJUNIAO UMB DOS CULTOS AFRO BRAS    22121710 000023
10231987175000168916200163100    00003145                     000031450000000000000109                     I023145      31121700000000035003410000017N131117104700000000000103112170000000000000000000000000000000000000000100012993228257ANDREIA CRISTINA VICENTE                RUA CORONEL CARLOS MATOS                PARQUE JOAO 25030140DUQUE DE CAXIASRJUNIAO UMB DOS CULTOS AFRO BRAS    31121710 000024
10231987175000168916200163100    00002828                     000028280000000000000109                     I022828      31121700000000035003410000017N131117104700000000000103112170000000000000000000000000000000000000000100082977852700ISAURA FERNANDES FERREIRA               RUA DENVER, LOTE 23 QUADRA 15           PIAM - BELFO26115590BELFORD ROXO   RJUNIAO UMB DOS CULTOS AFRO BRAS    31121710 000025
10231987175000168916200163100    00002067                     000020670000000000000109                     I342067      31121700000000035003410000017N131117104700000000000103112170000000000000000000000000000000000000000100002344767703ROSINETE FERREIRA CAMARGO               O MESMO                                 O MESMO     22733130RIO DE JANEIRO RJUNIAO UMB DOS CULTOS AFRO BRAS    31121710 000026
9                                                                                                                                                                                                                                                                                                                                                                                                         000027
