01REMESSA01COBRANCA       817800093673        União Umb dos Cultos Afro Bra341BANCO ITAU SA  110118                                                                                                                                                                                                                                                                                                      000001
10231987175000168817800093673    00006875                     000068750000000000000109                     I016875      28021800000000035003410000017N271217050900000000000102802180000000000000000000000000000000000000000100012745403729BENEDITA CIRLEIDE RODRIGUES BR          RUA JOAO FLORIANO, 301 QUADRA 97 LOTE 25JD CATARINA 24717520SAO GONCALO    RJUNIAO UMB DOS CULTOS AFRO BRAS    28021810 000002
10231987175000168817800093673    00006873                     000068730000000000000109                     I016873      28021800000000035003410000017N271217050900000000000102802180000000000000000000000000000000000000000100000055376738MARIA DA GRACA BRANDAO                  RUA MATARAZZO, QUADRA 17 LOTE 5         GUARATIBA - 23028750RIO DE JANEIRO RJUNIAO UMB DOS CULTOS AFRO BRAS    28021810 000003
10231987175000168817800093673    00006619                     000066190000000000000109                     I016619      28021800000000035003410000017N271217050900000000000102802180000000000000000000000000000000000000000100077417232787MARIA IZABEL CUNHA DA SILVA             RUA 1 DE MAIO, LOTE 4 QUADRA 20         IPIRANGA - N26293480NOVA IGUACU    RJUNIAO UMB DOS CULTOS AFRO BRAS    28021810 000004
10231987175000168817800093673    00006618                     000066180000000000000109                     I016618      28021800000000035003410000017N271217050900000000000102802180000000000000000000000000000000000000000100042598907787IRACI CARDOSO DOS SANTOS                RUA LUIZ FELECIANO  LARANJAL, LOTE 16 QULARANJAL - S24725370SAO GONCALO    RJUNIAO UMB DOS CULTOS AFRO BRAS    28021810 000005
10231987175000168817800093673    00006617                     000066170000000000000109                     I016617      28021800000000035003410000017N271217050900000000000102802180000000000000000000000000000000000000000100008184015755ELIZABETH DE SOUZA                      RUA MERCURIO, 36 CASA 3 FUNDOS          SANTA TEREZI26553260MESQUITA       RJUNIAO UMB DOS CULTOS AFRO BRAS    28021810 000006
10231987175000168817800093673    00006616                     000066160000000000000109                     I016616      28021800000000035003410000017N271217050900000000000102802180000000000000000000000000000000000000000100011140864793CLAUDIA THEODORO                        RUA VINTE E NOVE DE SETEMBRO, 1760      CARAMBITA - 27600000VALENCA        RJUNIAO UMB DOS CULTOS AFRO BRAS    28021810 000007
10231987175000168817800093673    00006594                     000065940000000000000109                     I016594      28021800000000035003410000017N271217050900000000000102802180000000000000000000000000000000000000000100061143766768RITA CRISTINA BENJAMIN CORREA           RUA ROSEO FONTES, 743 FUNDOS            SANTA DALILA25921000MAGE           RJUNIAO UMB DOS CULTOS AFRO BRAS    28021810 000008
10231987175000168817800093673    00006592                     000065920000000000000109                     I016592      28021800000000035003410000017N271217050900000000000102802180000000000000000000000000000000000000000100026659840753IVANI DE OLIVEIRA COUTO                 RUA ITAJUBARA, 66                       RAMOS - RIO 21060180RIO DE JANEIRO RJUNIAO UMB DOS CULTOS AFRO BRAS    28021810 000009
10231987175000168817800093673    00006591                     000065910000000000000109                     I016591      28021800000000035003410000017N271217050900000000000102802180000000000000000000000000000000000000000100005209152758LAZARO OLIVEIRA DE ARAUJO               RUA CONEGO GOULARD, 1045                NEVES - SAO 24400000SAO GONCALO    RJUNIAO UMB DOS CULTOS AFRO BRAS    28021810 000010
10231987175000168817800093673    00006458                     000064580000000000000109                     I016458      28021800000000035003410000017N271217050900000000000102802180000000000000000000000000000000000000000100080499306724ANA CLAUDIA DE SOUZA RODRIGUES          RUA CRAVEIRO DE SA,183                  PARADA DE LU21250490RIO DE JANEIRO RJUNIAO UMB DOS CULTOS AFRO BRAS    28021810 000011
10231987175000168817800093673    00006457                     000064570000000000000109                     I016457      28021800000000035003410000017N271217050900000000000102802180000000000000000000000000000000000000000100002181028796EMERSON DIAS DA COSTA                   RUA PARA, LOTE 10 QUADRA 31             VALE DAS MAN26175370BELFORD ROXO   RJUNIAO UMB DOS CULTOS AFRO BRAS    28021810 000012
10231987175000168817800093673    00006456                     000064560000000000000109                     I016456      28021800000000035003410000017N271217050900000000000102802180000000000000000000000000000000000000000100008016237746RAFAEL PEREIRA                          ESTRADA DA COVANCA, 360 CASA            TANQUE - JAC22735020RIO DE JANEIRO RJUNIAO UMB DOS CULTOS AFRO BRAS    28021810 000013
10231987175000168817800093673    00006455                     000064550000000000000109                     I016455      28021800000000035003410000017N271217050900000000000102802180000000000000000000000000000000000000000100007965581752ALINE SANT ANNA ALVES                   RUA PROFESSORA MARLI CARVALHO PEREIRA, 1MIGUEL COUTO26070452NOVA IGUACU    RJUNIAO UMB DOS CULTOS AFRO BRAS    28021810 000014
10231987175000168817800093673    00006389                     000063890000000000000109                     I016389      28021800000000035003410000017N271217050900000000000102802180000000000000000000000000000000000000000100000080766773SONIA CRISTINA DA SILVA ALVES           RUA AMARO AGUIAR BRANDAO, 72            BECO MAUA - 26193600BELFORD ROXO   RJUNIAO UMB DOS CULTOS AFRO BRAS    28021810 000015
10231987175000168817800093673    00006388                     000063880000000000000109                     I016388      28021800000000035003410000017N271217050900000000000102802180000000000000000000000000000000000000000100002912019702JONER BORGES BARCELOS                   RUA OITO, QUADRA 30 LOTE 8              NOVA CAMPINA25000000DUQUE DE CAXIASRJUNIAO UMB DOS CULTOS AFRO BRAS    28021810 000016
10231987175000168817800093673    00006323                     000063230000000000000109                     I016323      28021800000000035003410000017N271217050900000000000102802180000000000000000000000000000000000000000100089682300487STIVES FERREIRA DA SILVA                RUA OSVALDO EVANGELISTA DOS SANTOS N 110BANGU - RIO 21864530RIO DE JANEIRO RJUNIAO UMB DOS CULTOS AFRO BRAS    28021810 000017
10231987175000168817800093673    00006322                     000063220000000000000109                     I016322      28021800000000035003410000017N271217050900000000000102802180000000000000000000000000000000000000000100083819991700LUZIA GERALDINA DA SILVA                ESTRADA DA FAZENDINHA N 5 FUNDOS        BADU - NITER23320420NITEROI        RJUNIAO UMB DOS CULTOS AFRO BRAS    28021810 000018
10231987175000168817800093673    00006309                     000063090000000000000109                     I016309      28021800000000035003410000017N271217050900000000000102802180000000000000000000000000000000000000000100082233039734BARBARA DA SILVA CUNHA MOREIRA          RUA EVARISTO PIRES N 290                BANGU - RIO 21840040RIO DE JANEIRO RJUNIAO UMB DOS CULTOS AFRO BRAS    28021810 000019
10231987175000168817800093673    00006308                     000063080000000000000109                     I016308      28021800000000035003410000017N271217050900000000000102802180000000000000000000000000000000000000000100076744515772GELSON CORREA DE CARVALHO               RUA MANOEL MACHADO N 77                 VAZ LOBO - R21361090RIO DE JANEIRO RJUNIAO UMB DOS CULTOS AFRO BRAS    28021810 000020
10231987175000168817800093673    00006305                     000063050000000000000109                     I016305      28021800000000035003410000017N271217050900000000000102802180000000000000000000000000000000000000000100046745467704MARIA DA CONCEICAO COELHO DE S          RUA DAVI CAPISTRANO DA COSTA N 52 CASA 1CONJUNTO GOU23587330PACIENCIA      RJUNIAO UMB DOS CULTOS AFRO BRAS    28021810 000021
10231987175000168817800093673    00006304                     000063040000000000000109                     I016304      28021800000000035003410000017N271217050900000000000102802180000000000000000000000000000000000000000100001295514737DANUZA JEREMIAS DA SILVA                RUA JOAQUIM RAFAEL, 957                 COELHO - SAO24740020SAO GONCALO    RJUNIAO UMB DOS CULTOS AFRO BRAS    28021810 000022
10231987175000168817800093673    00006302                     000063020000000000000109                     I016302      28021800000000035003410000017N271217050900000000000102802180000000000000000000000000000000000000000100059272570700VERA LUCIA LIMA SILVA                   O MESMO                                 O MESMO     22723510RIO DE JANEIRO RJUNIAO UMB DOS CULTOS AFRO BRAS    28021810 000023
10231987175000168817800093673    00006300                     000063000000000000000109                     I016300      28021800000000035003410000017N271217050900000000000102802180000000000000000000000000000000000000000100079758517791NEY PEREIRA LEITE                       O MESMO                                 O MESMO     21735002RIO DE JANEIRO RJUNIAO UMB DOS CULTOS AFRO BRAS    28021810 000024
10231987175000168817800093673    00006299                     000062990000000000000109                     I016299      28021800000000035003410000017N271217050900000000000102802180000000000000000000000000000000000000000100005256804707SUSI ROSANA DE OLIVEIRA - JANA          O MESMO                                 O MESMO     21765000RIO DE JANEIRO RJUNIAO UMB DOS CULTOS AFRO BRAS    28021810 000025
10231987175000168817800093673    00006298                     000062980000000000000109                     I016298      28021800000000035003410000017N271217050900000000000102802180000000000000000000000000000000000000000100001789073758BERNADETE BURGOS AMORIM RANGEL          RUA: IMBUI Nº 120 - LARGO DO TANQUE    TANQUE / TAQ22730100RIO DE JANEIRO RJUNIAO UMB DOS CULTOS AFRO BRAS    28021810 000026
10231987175000168817800093673    00006296                     000062960000000000000109                     I016296      28021800000000035003410000017N271217050900000000000102802180000000000000000000000000000000000000000100001345348754ADRIANA DE LELIS                        RUA DOIS QUADRA D LOTE 13               BAIRRO SILVE23092080RIO DE JANEIRO RJUNIAO UMB DOS CULTOS AFRO BRAS    28021810 000027
10231987175000168817800093673    00006295                     000062950000000000000109                     I016295      28021800000000035003410000017N271217050900000000000102802180000000000000000000000000000000000000000100007070605757DANIEL MARCONDI DE SOUZA                RUA: TUPI Nº 20                        VILA PAULINE26185235BELFORD ROXO   RJUNIAO UMB DOS CULTOS AFRO BRAS    28021810 000028
10231987175000168817800093673    00006294                     000062940000000000000109                     I016294      28021800000000035003410000017N271217050900000000000102802180000000000000000000000000000000000000000100004287865707MARIA LUISA DE OLIVEIRA LIREO           RUA PORTO CARRERO N 333                 CORDOVIL - R21250260RIO DE JANEIRO RJUNIAO UMB DOS CULTOS AFRO BRAS    28021810 000029
10231987175000168817800093673    00006292                     000062920000000000000109                     I016292      28021800000000035003410000017N271217050900000000000102802180000000000000000000000000000000000000000100083122869772ANDREIA OLIVEIRA DE MENEZES             RUA VICENTE PONTE, 41 - JARDIM CARIOCA  GUARABU - IL21921740RIO DE JANEIRO RJUNIAO UMB DOS CULTOS AFRO BRAS    28021810 000030
10231987175000168817800093673    00006289                     000062890000000000000109                     I016289      28021800000000035003410000017N271217050900000000000102802180000000000000000000000000000000000000000100003032033748MARIA MOREIRA TEIXEIRA                  TRAVESSA RIACHAO 130                    AUSTIN - NOV26335090BELFORD ROXO   RJUNIAO UMB DOS CULTOS AFRO BRAS    28021810 000031
10231987175000168817800093673    00006287                     000062870000000000000109                     I016287      28021800000000035003410000017N271217050900000000000102802180000000000000000000000000000000000000000100003725237735LUCIANO LOPES DA SILVA                  ALAMEDA BUENO AIRES N 370               RIO DO OURO 24752360SAO GONCALO    RJUNIAO UMB DOS CULTOS AFRO BRAS    28021810 000032
10231987175000168817800093673    00006286                     000062860000000000000109                     I016286      28021800000000035003410000017N271217050900000000000102802180000000000000000000000000000000000000000100006932718766CARLOS EDUARDO DE OLIVEIRA              TRAVESSA CARLOS SAMPAIO QUADRA 2 LOTE 23AUSTIN - NOV26087287NOVA IGUACU    RJUNIAO UMB DOS CULTOS AFRO BRAS    28021810 000033
10231987175000168817800093673    00006285                     000062850000000000000109                     I016285      28021800000000035003410000017N271217050900000000000102802180000000000000000000000000000000000000000100043116248753NORMA FELIX DA SILVA PEREIRA            RUA HENRIQUE MARTINS LOTE 24 QUADRA 17  LAGOINHA - S24736130SAO GONCALO    RJUNIAO UMB DOS CULTOS AFRO BRAS    28021810 000034
10231987175000168817800093673    00006283                     000062830000000000000109                     I016283      28021800000000035003410000017N271217050900000000000102802180000000000000000000000000000000000000000100098546686734MARCIO NEVES                            RUA FLORIANOPOLIS N 63                  PRACA SECA -21321050RIO DE JANEIRO RJUNIAO UMB DOS CULTOS AFRO BRAS    28021810 000035
10231987175000168817800093673    00006273                     000062730000000000000109                     I016273      28021800000000035003410000017N271217050900000000000102802180000000000000000000000000000000000000000100083650636780MARIZA MIRANDA                          RUA ALEXANDRINO N 120                   POSSE - NOVA26020247NOVA IGUACU    RJUNIAO UMB DOS CULTOS AFRO BRAS    28021810 000036
10231987175000168817800093673    00006258                     000062580000000000000109                     I016258      28021800000000035003410000017N271217050900000000000102802180000000000000000000000000000000000000000100086634402787ZILDA GIMENIZ NOGUEIRA                  RUA: ESPIRITO SANTO Nº 25 - PRAIA LINDASAO PEDRO DA28940000SAO PEDRO DA ALRJUNIAO UMB DOS CULTOS AFRO BRAS    28021810 000037
10231987175000168817800093673    00006253                     000062530000000000000109                     I016253      28021800000000035003410000017N271217050900000000000102802180000000000000000000000000000000000000000100054770122772EDUARDO DOS SANTOS REIS NETO            O MESMO                                 O MESMO     21360080RIO DE JANEIRO RJUNIAO UMB DOS CULTOS AFRO BRAS    28021810 000038
10231987175000168817800093673    00006217                     000062170000000000000109                     I016217      28021800000000035003410000017N271217050900000000000102802180000000000000000000000000000000000000000100003449740733JOSE CARLOS MOREIRA BENTO               RUA DELFIM MOREIRA  LOTE 5 QUADRA 12 CASVILA SAPE  M25922220MAGE           RJUNIAO UMB DOS CULTOS AFRO BRAS    28021810 000039
10231987175000168817800093673    00006215                     000062150000000000000109                     I016215      28021800000000035003410000017N271217050900000000000102802180000000000000000000000000000000000000000100037497928791ANASTACIA CANDIDO RAIMUNDO              RUA ALAMEDA 33 - CHAO DE ESTRELAS N 84  PAVUNA - RIO21521100RIO DE JANEIRO RJUNIAO UMB DOS CULTOS AFRO BRAS    28021810 000040
10231987175000168817800093673    00006206                     000062060000000000000109                     I016206      28021800000000035003410000017N271217050900000000000102802180000000000000000000000000000000000000000100031471811700GLORIA CORREIA                          RUA SA FERREIRA  120 APTO  1003         COPACABANA  22071100RIO DE JANEIRO RJUNIAO UMB DOS CULTOS AFRO BRAS    28021810 000041
10231987175000168817800093673    00006204                     000062040000000000000109                     I016204      28021800000000035003410000017N271217050900000000000102802180000000000000000000000000000000000000000100001272334740VALERIA MARIA MOREIRA                   RUA: EUDINO EGGER Nº 70 - JARDIM CATARISAO GONCALO 32472290SAO GONCALO    RJUNIAO UMB DOS CULTOS AFRO BRAS    28021810 000042
10231987175000168817800093673    00006203                     000062030000000000000109                     I016203      28021800000000035003410000017N271217050900000000000102802180000000000000000000000000000000000000000100097512770782DULCINEIA CAPUTE                        AVENIDA ITAGUAI N 848 A - ENGENHO       ITAGUAI - RJ23820306ITAGUAI        RJUNIAO UMB DOS CULTOS AFRO BRAS    28021810 000043
10231987175000168817800093673    00006202                     000062020000000000000109                     I016202      28021800000000035003410000017N271217050900000000000102802180000000000000000000000000000000000000000100000237914387JOSE EDILSON RABELO CAULA               RUA DOS INVALIDOS, 138 BL 2 APTO 908    LAPA - RJ   20231046RIO DE JANEIRO RJUNIAO UMB DOS CULTOS AFRO BRAS    28021810 000044
10231987175000168817800093673    00006200                     000062000000000000000109                     I016200      28021800000000035003410000017N271217050900000000000102802180000000000000000000000000000000000000000100006980782762ALEX SANDRO INACIO DO NASCIMEN          MESMO                                   MESMO       26298686NOVA IGUACU    RJUNIAO UMB DOS CULTOS AFRO BRAS    28021810 000045
10231987175000168817800093673    00006187                     000061870000000000000109                     I016187      28021800000000035003410000017N271217050900000000000102802180000000000000000000000000000000000000000100051398060704ELIZABETH MONTEIRO MOREIRA DA           RUA: IBITINGA LOTE 1 QD 3 CASA 1 - PARQUBELFORD ROXO26167160BELFORD ROXO   RJUNIAO UMB DOS CULTOS AFRO BRAS    28021810 000046
10231987175000168817800093673    00006185                     000061850000000000000109                     I016185      28021800000000035003410000017N271217050900000000000102802180000000000000000000000000000000000000000100058739920704ELISABETH DE OLIVEIRA LOUREDO           EST: COMANDANTE LUIZ SOUTO Nº 509 C/ 4DTANQUE - JAC22733040RIO DE JANEIRO RJUNIAO UMB DOS CULTOS AFRO BRAS    28021810 000047
10231987175000168817800093673    00006183                     000061830000000000000109                     I016183      28021800000000035003410000017N271217050900000000000102802180000000000000000000000000000000000000000100095274987753PAULO SERGIO BARBOSA DA CUNHA           RUA: DAS BORBOLETAS Nº 21 E 22 - BANGU RIO DE JANEI21866030RIO DE JANEIRO RJUNIAO UMB DOS CULTOS AFRO BRAS    28021810 000048
10231987175000168817800093673    00006182                     000061820000000000000109                     I016182      28021800000000035003410000017N271217050900000000000102802180000000000000000000000000000000000000000100070672997720MARTA CAVALCANTE TEIXEIRA               O MESMO                                 O MESMO     22763011RIO DE JANEIRO RJUNIAO UMB DOS CULTOS AFRO BRAS    28021810 000049
10231987175000168817800093673    00006181                     000061810000000000000109                     I016181      28021800000000035003410000017N271217050900000000000102802180000000000000000000000000000000000000000100084244224734JORGE MARCELO TINTEL                    O MESMO                                 O MESMO     23530220RIO DE JANEIRO RJUNIAO UMB DOS CULTOS AFRO BRAS    28021810 000050
10231987175000168817800093673    00006178                     000061780000000000000109                     I016178      28021800000000035003410000017N271217050900000000000102802180000000000000000000000000000000000000000100098806181734PAULO ROMULO ALVES DE SOUZA             O MESMO                                 O MESMO     26021560NOVA IGUACU    RJUNIAO UMB DOS CULTOS AFRO BRAS    28021810 000051
10231987175000168817800093673    00006174                     000061740000000000000109                     I016174      28021800000000035003410000017N271217050900000000000102802180000000000000000000000000000000000000000100044451318734NILZA MUNIZ FIRMINO                     RUA: PEDRO AMERICO                      COLUBANDE - 24450480SAO GONCALO    RJUNIAO UMB DOS CULTOS AFRO BRAS    28021810 000052
10231987175000168817800093673    00006172                     000061720000000000000109                     I016172      28021800000000035003410000017N271217050900000000000102802180000000000000000000000000000000000000000100041602790744PAULO LEANDRO FONTES                    ESTRADA: UNIAO E INDUSTRIA              VOLTA REDOND25720062VOLTA REDONDA  RJUNIAO UMB DOS CULTOS AFRO BRAS    28021810 000053
10231987175000168817800093673    00006171                     000061710000000000000109                     I016171      28021800000000035003410000017N271217050900000000000102802180000000000000000000000000000000000000000100068331428749IVANILDA DOS SANTOS                     RUA RIBEIRAO DO SUL LOTE 7 QUADRA 29    GUARATIBA - 23026590RIO DE JANEIRO RJUNIAO UMB DOS CULTOS AFRO BRAS    28021810 000054
10231987175000168817800093673    00006152                     000061520000000000000109                     I016152      28021800000000035003410000017N271217050900000000000102802180000000000000000000000000000000000000000100054571715743VILMA OLIVEIRA DOS SANTOS               RUA CORREIA DIAS, 1066                  VIGARIO GERA21241310RIO DE JANEIRO RJUNIAO UMB DOS CULTOS AFRO BRAS    28021810 000055
10231987175000168817800093673    00006151                     000061510000000000000109                     I016151      28021800000000035003410000017N271217050900000000000102802180000000000000000000000000000000000000000100003329195797LUCIANO JOAQUIM                         RUA PERUANA, LOTE 27 QUADRA 12          P. BARAO DO 25555540SAO JOAO DE MERRJUNIAO UMB DOS CULTOS AFRO BRAS    28021810 000056
10231987175000168817800093673    00006145                     000061450000000000000109                     I016145      28021800000000035003410000017N271217050900000000000102802180000000000000000000000000000000000000000100021153132753VALDAIR DE ABREU PEREIRA                RUA ITAPARA, 51                         BANGU - RJ  21840170RIO DE JANEIRO RJUNIAO UMB DOS CULTOS AFRO BRAS    28021810 000057
10231987175000168817800093673    00006144                     000061440000000000000109                     I016144      28021800000000035003410000017N271217050900000000000102802180000000000000000000000000000000000000000100004550495723MARIA ADELAIDE DA SILVA PROFET          RUA ARACA, 552                          RICARDO DE A21620050RIO DE JANEIRO RJUNIAO UMB DOS CULTOS AFRO BRAS    28021810 000058
10231987175000168817800093673    00006142                     000061420000000000000109                     I016142      28021800000000035003410000017N271217050900000000000102802180000000000000000000000000000000000000000100000998809705LEDA GONCALVES MENDES                   RUA VINTE DE ABRIL, 5 CASA 2            CENTRO - QUE26327470QUEIMADOS      RJUNIAO UMB DOS CULTOS AFRO BRAS    28021810 000059
10231987175000168817800093673    00006129                     000061290000000000000109                     I016129      28021800000000035003410000017N271217050900000000000102802180000000000000000000000000000000000000000100001974559726ELIZABETH BRITO DE JESUS                O MESMO                                 O MESMO     21210000RIO DE JANEIRO RJUNIAO UMB DOS CULTOS AFRO BRAS    28021810 000060
10231987175000168817800093673    00006118                     000061180000000000000109                     I016118      28021800000000035003410000017N271217050900000000000102802180000000000000000000000000000000000000000100053011783772MARIA APARECIDA DA SILVA                RUA JOANA RESENDE, 61 - FAZENDA CAXIAS  SEROPEDICA -23836380RIO DE JANEIRO RJUNIAO UMB DOS CULTOS AFRO BRAS    28021810 000061
10231987175000168817800093673    00006108                     000061080000000000000109                     I016108      28021800000000035003410000017N271217050900000000000102802180000000000000000000000000000000000000000100078991455700MARY LUCIA PEREIRA DA SILVA             RUA MONODORA, 95                        GARDENIA AZU22765590RIO DE JANEIRO RJUNIAO UMB DOS CULTOS AFRO BRAS    28021810 000062
10231987175000168817800093673    00006106                     000061060000000000000109                     I016106      28021800000000035003410000017N271217050900000000000102802180000000000000000000000000000000000000000100074624792234MARILZA COSTA FERREIRA                  RUA INHANDUI, 128                       BENFICA - RJ20930120RIO DE JANEIRO RJUNIAO UMB DOS CULTOS AFRO BRAS    28021810 000063
10231987175000168817800093673    00006103                     000061030000000000000109                     I016103      28021800000000035003410000017N271217050900000000000102802180000000000000000000000000000000000000000100010949478733AUCELIA MARIA DE SOUZA LIMA             RUA JOSE FRANCISCO DE SOUZA PORTO, 229  ARNALDO EUGE23016010RIO DE JANEIRO RJUNIAO UMB DOS CULTOS AFRO BRAS    28021810 000064
10231987175000168817800093673    00006099                     000060990000000000000109                     I016099      28021800000000035003410000017N271217050900000000000102802180000000000000000000000000000000000000000100049720147768LEDA MARIA DOS SANTOS LEAL              RUA JOSE FIRMINO DE MELO, 247           QUIMICA - BA27130360BARRA DO PIRAI RJUNIAO UMB DOS CULTOS AFRO BRAS    28021810 000065
10231987175000168817800093673    00006095                     000060950000000000000109                     I016095      28021800000000035003410000017N271217050900000000000102802180000000000000000000000000000000000000000100004245577703FERNANDA MEDEIROS VIANA                 RUA TOROPI  LOTE 7 QUADRA 29 FUNDOS     HELIOPOLIS  26123380BELFORD ROXO   RJUNIAO UMB DOS CULTOS AFRO BRAS    28021810 000066
10231987175000168817800093673    00006085                     000060850000000000000109                     I016085      28021800000000035003410000017N271217050900000000000102802180000000000000000000000000000000000000000100004792985722MARIA LUIZA BONIFACIO DA SILVA          RUA SAO MARIANO SCOTT, 63               PRACA SECA -21321290RIO DE JANEIRO RJUNIAO UMB DOS CULTOS AFRO BRAS    28021810 000067
10231987175000168817800093673    00006082                     000060820000000000000109                     I016082      28021800000000035003410000017N271217050900000000000102802180000000000000000000000000000000000000000100004728238768MARIA JOSE ILARIO MANGUEIRA             ESTRADA DA AGUA BRANCA, 2160            REALENGO - R21730000RIO DE JANEIRO RJUNIAO UMB DOS CULTOS AFRO BRAS    28021810 000068
10231987175000168817800093673    00006021                     000060210000000000000109                     I016021      31011800000000035003410000017N261217050900000000000103101180000000000000000000000000000000000000000100016492108760TIAGO LOPES DE AZEVEDO SILVA            RUA X N 24 QUADRA 82                    PARADA MODEL25943365GUAPIMIRIM     RJUNIAO UMB DOS CULTOS AFRO BRAS    31011810 000069
10231987175000168817800093673    00005956                     000059560000000000000109                     I015956      31011800000000035003410000017N261217050900000000000103101180000000000000000000000000000000000000000100009956479764TATIANE VASCONCELOS DA SILVA            RUA SANTA MARGARIDA N 337               PIABETA - MA25900000MAGE           RJUNIAO UMB DOS CULTOS AFRO BRAS    31011810 000070
10231987175000168817800093673    00005955                     000059550000000000000109                     I015955      31011800000000035003410000017N261217050900000000000103101180000000000000000000000000000000000000000100008834107705JOSELI TIADULINO                        RUA MARIA TEREZA N 134                  JARDIM CANAA26263230NOVA IGUACU    RJUNIAO UMB DOS CULTOS AFRO BRAS    31011810 000071
10231987175000168817800093673    00005932                     000059320000000000000109                     I015932      31011800000000035003410000017N261217050900000000000103101180000000000000000000000000000000000000000100004277956726ROSANA OLIVEIRA GUEDES                  RUA GRACA MELLO N 640 APT 101 BLOCO 30 -CAVALCANTI -21381300RIO DE JANEIRO RJUNIAO UMB DOS CULTOS AFRO BRAS    31011810 000072
10231987175000168817800093673    00005931                     000059310000000000000109                     I015931      31011800000000035003410000017N261217050900000000000103101180000000000000000000000000000000000000000100001972684710ALEXANDRE MALAQUIAS DE SOUSA P          AVENIDA NELSON DE AQUINO N 246 - COROA GCOROA GRANDE23825670ITAGUAI        RJUNIAO UMB DOS CULTOS AFRO BRAS    31011810 000073
10231987175000168817800093673    00005930                     000059300000000000000109                     I015930      31011800000000035003410000017N261217050900000000000103101180000000000000000000000000000000000000000100014641727732DAVI SILVA BARBOSA LIMA                 TRAVESSA ANTONIO AARAO N 9              SEPETIBA - R23540030RIO DE JANEIRO RJUNIAO UMB DOS CULTOS AFRO BRAS    31011810 000074
10231987175000168817800093673    00005160                     000051600000000000000109                     I015160      31011800000000035003410000017N261217050900000000000103101180000000000000000000000000000000000000000100033382840715MARIA ALICE CONSTANCIO GOMES            RUA PALMARES, 39                        JARDIM PERNA26275310NOVA IGUACU    RJUNIAO UMB DOS CULTOS AFRO BRAS    31011810 000075
10231987175000168817800093673    00005062                     000050620000000000000109                     I015062      31011800000000035003410000017N261217050900000000000103101180000000000000000000000000000000000000000100048363340715AUREA RAMOS                             ESTRADA DO MAGARCA N 8488               CINCO MARIAS23031201PEDRA DE GUARATRJUNIAO UMB DOS CULTOS AFRO BRAS    31011810 000076
10231987175000168817800093673    00004994                     000049940000000000000109                     I014994      31011800000000035003410000017N261217050900000000000103101180000000000000000000000000000000000000000100062497073791SIDIRENE FRANCISCO MACHADO              RUA PALMEIRA DAS MISSOES 422 FUNDOS     VILA SANTA R23015220CAMPO GRANDE   RJUNIAO UMB DOS CULTOS AFRO BRAS    31011810 000077
10231987175000168817800093673    00001525                     000015250000000000000109                     I011525      20121700000000340003410000017N251017050900000000000102012170000000000000000000000000000000000000000100092147623768CELIA MARIA DOS SANTOS VIEIRA           ESTRADA VIEGAS, 123 FUNDOS              SENADOR CAMA21832006RIO DE JANEIRO RJUNIAO UMB DOS CULTOS AFRO BRAS    20121710 000078
10231987175000168817800093673    00001183                     000011830000000000000109                     I011183      20121700000000340003410000017N241017050900000000000102012170000000000000000000000000000000000000000100082335400720PAULO FONSECA DA SILVA                  RUA ANDALUZIA N 431 FUNDOS              BENTO RIBEIR21555100RIO DE JANEIRO RJUNIAO UMB DOS CULTOS AFRO BRAS    20121710 000079
10231987175000168817800093673    00001161                     000011610000000000000109                     I011161      20121700000000340003410000017N241017050900000000000102012170000000000000000000000000000000000000000100075588137787ANA LADAIDES CONSTANTINO TRIND          RUA DOZE, LOTE 2 QUADRA 86              ENGENHO - IT23820300ITAGUAI        RJUNIAO UMB DOS CULTOS AFRO BRAS    20121710 000080
10231987175000168817800093673    0000697                      000006970000000000000109                     I01697       20121700000000300003410000017N171017050900000000000102012170000000000000000000000000000000000000000100050470809787MARIA LUIZA OLIVEIRA MAGALHAES          RUA: ARAUANA                            NOVO ELDORAD26150350BELFORD ROXO   RJUNIAO UMB DOS CULTOS AFRO BRAS    20121710 000081
9                                                                                                                                                                                                                                                                                                                                                                                                         000082
