01REMESSA01COBRANCA       817800093673        União Umb dos Cultos Afro Bra341BANCO ITAU SA  271218                                                                                                                                                                                                                                                                                                      000001
10231987175000168817800093673    000039404                    000394040000000000000109                     I0139404     31031900000000040003410000017N271218104700000000000103103190000000000000000000000000000000000000000100066220254791ROSANGELA MARTINS DA SILVA              RUA ANTONIO VARGAS                      PIEDADE     20751360RIO DE JANEIRO RJUNIAO UMB DOS CULTOS AFRO BRAS    31031910 000002
10231987175000168817800093673    000039403                    000394030000000000000109                     I0139403     28021900000000040003410000017N271218104700000000000102802190000000000000000000000000000000000000000100066220254791ROSANGELA MARTINS DA SILVA              RUA ANTONIO VARGAS                      PIEDADE     20751360RIO DE JANEIRO RJUNIAO UMB DOS CULTOS AFRO BRAS    28021910 000003
10231987175000168817800093673    000039402                    000394020000000000000109                     I0139402     31011900000000040003410000017N271218104700000000000103101190000000000000000000000000000000000000000100066220254791ROSANGELA MARTINS DA SILVA              RUA ANTONIO VARGAS                      PIEDADE     20751360RIO DE JANEIRO RJUNIAO UMB DOS CULTOS AFRO BRAS    31011910 000004
10231987175000168817800093673    000039401                    000394010000000000000109                     I0139401     31031900000000040003410000017N271218104700000000000103103190000000000000000000000000000000000000000100006067864738MARLY ROSA DIAS CUNHA                   RUA: ALVARO RAMOS                       COLONIA - JA00000000RIO DE JANEIRO RJUNIAO UMB DOS CULTOS AFRO BRAS    31031910 000005
10231987175000168817800093673    000039400                    000394000000000000000109                     I0139400     28021900000000040003410000017N271218104700000000000102802190000000000000000000000000000000000000000100006067864738MARLY ROSA DIAS CUNHA                   RUA: ALVARO RAMOS                       COLONIA - JA00000000RIO DE JANEIRO RJUNIAO UMB DOS CULTOS AFRO BRAS    28021910 000006
10231987175000168817800093673    000039399                    000393990000000000000109                     I0139399     31011900000000040003410000017N271218104700000000000103101190000000000000000000000000000000000000000100006067864738MARLY ROSA DIAS CUNHA                   RUA: ALVARO RAMOS                       COLONIA - JA00000000RIO DE JANEIRO RJUNIAO UMB DOS CULTOS AFRO BRAS    31011910 000007
10231987175000168817800093673    000039398                    000393980000000000000109                     I0139398     31031900000000040003410000017N271218104700000000000103103190000000000000000000000000000000000000000100059962615704ILMA DA SILVA PETRONILHO                RUA, ALBERTO CAMPOS Nº 40 APTº 902    IPANEMA - RJ22411030NOVA IGUACU    RJUNIAO UMB DOS CULTOS AFRO BRAS    31031910 000008
10231987175000168817800093673    000039397                    000393970000000000000109                     I0139397     28021900000000040003410000017N271218104700000000000102802190000000000000000000000000000000000000000100059962615704ILMA DA SILVA PETRONILHO                RUA, ALBERTO CAMPOS Nº 40 APTº 902    IPANEMA - RJ22411030NOVA IGUACU    RJUNIAO UMB DOS CULTOS AFRO BRAS    28021910 000009
10231987175000168817800093673    000039396                    000393960000000000000109                     I0139396     31011900000000040003410000017N271218104700000000000103101190000000000000000000000000000000000000000100059962615704ILMA DA SILVA PETRONILHO                RUA, ALBERTO CAMPOS Nº 40 APTº 902    IPANEMA - RJ22411030NOVA IGUACU    RJUNIAO UMB DOS CULTOS AFRO BRAS    31011910 000010
10231987175000168817800093673    000039395                    000393950000000000000109                     I0139395     31031900000000040003410000017N271218104700000000000103103190000000000000000000000000000000000000000100059177608704SONIA MARIA DOS REMEDIOS                RUA SAO LUIZ                            PRAIA DO SAC23860000MANGARATIBA    RJUNIAO UMB DOS CULTOS AFRO BRAS    31031910 000011
10231987175000168817800093673    000039394                    000393940000000000000109                     I0139394     28021900000000040003410000017N271218104700000000000102802190000000000000000000000000000000000000000100059177608704SONIA MARIA DOS REMEDIOS                RUA SAO LUIZ                            PRAIA DO SAC23860000MANGARATIBA    RJUNIAO UMB DOS CULTOS AFRO BRAS    28021910 000012
10231987175000168817800093673    000039393                    000393930000000000000109                     I0139393     31011900000000040003410000017N271218104700000000000103101190000000000000000000000000000000000000000100059177608704SONIA MARIA DOS REMEDIOS                RUA SAO LUIZ                            PRAIA DO SAC23860000MANGARATIBA    RJUNIAO UMB DOS CULTOS AFRO BRAS    31011910 000013
10231987175000168817800093673    000039392                    000393920000000000000109                     I0139392     14011900000000035003410000017N271218104700000000000101401190000000000000000000000000000000000000000100059177608704SONIA MARIA DOS REMEDIOS                RUA SAO LUIZ                            PRAIA DO SAC23860000MANGARATIBA    RJUNIAO UMB DOS CULTOS AFRO BRAS    14011910 000014
10231987175000168817800093673    000039391                    000393910000000000000109                     I0139391     10011900000000070003410000017N271218104700000000000101001190000000000000000000000000000000000000000100056864680797SONIA MARIA DA SILVA                    RUA A                                   CAMBOTA     27600000VALENCIA       RJUNIAO UMB DOS CULTOS AFRO BRAS    10011910 000015
10231987175000168817800093673    000039390                    000393900000000000000109                     I0139390     31121800000000070003410000017N271218104700000000000103112180000000000000000000000000000000000000000100056864680797SONIA MARIA DA SILVA                    RUA A                                   CAMBOTA     27600000VALENCIA       RJUNIAO UMB DOS CULTOS AFRO BRAS    31121810 000016
10231987175000168817800093673    000039389                    000393890000000000000109                     I0139389     30031900000000040003410000017N271218104700000000000103003190000000000000000000000000000000000000000100085488526749MARCOS ROMEU DA SILVA                   RUA CAMINHO DO FERRADOR                 GUARATIBA   23020570CAMPO GRANDE   RJUNIAO UMB DOS CULTOS AFRO BRAS    30031910 000017
10231987175000168817800093673    000039388                    000393880000000000000109                     I0139388     28021900000000040003410000017N271218104700000000000102802190000000000000000000000000000000000000000100085488526749MARCOS ROMEU DA SILVA                   RUA CAMINHO DO FERRADOR                 GUARATIBA   23020570CAMPO GRANDE   RJUNIAO UMB DOS CULTOS AFRO BRAS    28021910 000018
10231987175000168817800093673    000039387                    000393870000000000000109                     I0139387     31011900000000040003410000017N271218104700000000000103101190000000000000000000000000000000000000000100085488526749MARCOS ROMEU DA SILVA                   RUA CAMINHO DO FERRADOR                 GUARATIBA   23020570CAMPO GRANDE   RJUNIAO UMB DOS CULTOS AFRO BRAS    31011910 000019
10231987175000168817800093673    000039386                    000393860000000000000109                     I0139386     31121800000000040003410000017N271218104700000000000103112180000000000000000000000000000000000000000100001974559726ELIZABETH BRITO DE JESUS                RUA IMPERADOR                           PRAIA DE MAU25930580RIO DE JANEIRO RJUNIAO UMB DOS CULTOS AFRO BRAS    31121810 000020
10231987175000168817800093673    000038681                    000386810000000000000109                     I0238681     30031900000000040003410000017N261218104700000000000103003190000000000000000000000000000000000000000100007399837767CINTIA SILVA MIRANDA                    RUA COSTA RICA                          PENHA       21020340RIO DE JANEIRO RJUNIAO UMB DOS CULTOS AFRO BRAS    30031910 000021
10231987175000168817800093673    000038113                    000381130000000000000109                     I0238113     30031900000000040003410000017N261218104700000000000103003190000000000000000000000000000000000000000100047707569768BENEDITA LEONIDIA DA COSTA              RUA: NOSSA SENHORA DA GLORIA            VILA MARIA H25251530DUQUE DE CAXIASRJUNIAO UMB DOS CULTOS AFRO BRAS    30031910 000022
10231987175000168817800093673    000038068                    000380680000000000000109                     I0238068     30031900000000040003410000017N261218104700000000000103003190000000000000000000000000000000000000000100068556241700NEIDE RISMO                             RUA JABOTIA                             JARDIM DAS A26143410BELFORD ROXO   RJUNIAO UMB DOS CULTOS AFRO BRAS    30031910 000023
10231987175000168817800093673    000037980                    000379800000000000000109                     I0237980     30031900000000040003410000017N261218104700000000000103003190000000000000000000000000000000000000000100064891712791MOSENIRA DA SILVA COSTA                 RUA MARQUESA DE SANTOS                  VILA ROSARIO25040070DUQUE DE CAXIASRJUNIAO UMB DOS CULTOS AFRO BRAS    30031910 000024
10231987175000168817800093673    000037830                    000378300000000000000109                     I0237830     30031900000000040003410000017N261218104700000000000103003190000000000000000000000000000000000000000100085488526749MARCOS ROMEU DA SILVA                   RUA CAMINHO DO FERRADOR                 GUARATIBA   23020570CAMPO GRANDE   RJUNIAO UMB DOS CULTOS AFRO BRAS    30031910 000025
10231987175000168817800093673    000037614                    000376140000000000000109                     I0237614     30031900000000040003410000017N261218104700000000000103003190000000000000000000000000000000000000000100059177608704SONIA MARIA DOS REMEDIOS                RUA SAO LUIZ                            PRAIA DO SAC23860000MANGARATIBA    RJUNIAO UMB DOS CULTOS AFRO BRAS    30031910 000026
10231987175000168817800093673    000036763                    000367630000000000000109                     I0236763     28021900000000040003410000017N261218104700000000000102802190000000000000000000000000000000000000000100007399837767CINTIA SILVA MIRANDA                    RUA COSTA RICA                          PENHA       21020340RIO DE JANEIRO RJUNIAO UMB DOS CULTOS AFRO BRAS    28021910 000027
10231987175000168817800093673    000036197                    000361970000000000000109                     I0236197     28021900000000040003410000017N261218104700000000000102802190000000000000000000000000000000000000000100047707569768BENEDITA LEONIDIA DA COSTA              RUA: NOSSA SENHORA DA GLORIA            VILA MARIA H25251530DUQUE DE CAXIASRJUNIAO UMB DOS CULTOS AFRO BRAS    28021910 000028
10231987175000168817800093673    000036153                    000361530000000000000109                     I0236153     28021900000000040003410000017N261218104700000000000102802190000000000000000000000000000000000000000100068556241700NEIDE RISMO                             RUA JABOTIA                             JARDIM DAS A26143410BELFORD ROXO   RJUNIAO UMB DOS CULTOS AFRO BRAS    28021910 000029
10231987175000168817800093673    000036065                    000360650000000000000109                     I0236065     28021900000000040003410000017N261218104700000000000102802190000000000000000000000000000000000000000100064891712791MOSENIRA DA SILVA COSTA                 RUA MARQUESA DE SANTOS                  VILA ROSARIO25040070DUQUE DE CAXIASRJUNIAO UMB DOS CULTOS AFRO BRAS    28021910 000030
10231987175000168817800093673    000035916                    000359160000000000000109                     I0235916     28021900000000040003410000017N261218104700000000000102802190000000000000000000000000000000000000000100085488526749MARCOS ROMEU DA SILVA                   RUA CAMINHO DO FERRADOR                 GUARATIBA   23020570CAMPO GRANDE   RJUNIAO UMB DOS CULTOS AFRO BRAS    28021910 000031
10231987175000168817800093673    000035701                    000357010000000000000109                     I0235701     28021900000000040003410000017N261218104700000000000102802190000000000000000000000000000000000000000100059177608704SONIA MARIA DOS REMEDIOS                RUA SAO LUIZ                            PRAIA DO SAC23860000MANGARATIBA    RJUNIAO UMB DOS CULTOS AFRO BRAS    28021910 000032
10231987175000168817800093673    000034853                    000348530000000000000109                     I0234853     31011900000000040003410000017N261218104700000000000103101190000000000000000000000000000000000000000100007399837767CINTIA SILVA MIRANDA                    RUA COSTA RICA                          PENHA       21020340RIO DE JANEIRO RJUNIAO UMB DOS CULTOS AFRO BRAS    31011910 000033
10231987175000168817800093673    000034289                    000342890000000000000109                     I0234289     31011900000000040003410000017N261218104700000000000103101190000000000000000000000000000000000000000100047707569768BENEDITA LEONIDIA DA COSTA              RUA: NOSSA SENHORA DA GLORIA            VILA MARIA H25251530DUQUE DE CAXIASRJUNIAO UMB DOS CULTOS AFRO BRAS    31011910 000034
10231987175000168817800093673    000034245                    000342450000000000000109                     I0234245     31011900000000040003410000017N261218104700000000000103101190000000000000000000000000000000000000000100068556241700NEIDE RISMO                             RUA JABOTIA                             JARDIM DAS A26143410BELFORD ROXO   RJUNIAO UMB DOS CULTOS AFRO BRAS    31011910 000035
10231987175000168817800093673    000034160                    000341600000000000000109                     I0234160     31011900000000040003410000017N261218104700000000000103101190000000000000000000000000000000000000000100064891712791MOSENIRA DA SILVA COSTA                 RUA MARQUESA DE SANTOS                  VILA ROSARIO25040070DUQUE DE CAXIASRJUNIAO UMB DOS CULTOS AFRO BRAS    31011910 000036
10231987175000168817800093673    000034012                    000340120000000000000109                     I0234012     31011900000000040003410000017N261218104700000000000103101190000000000000000000000000000000000000000100085488526749MARCOS ROMEU DA SILVA                   RUA CAMINHO DO FERRADOR                 GUARATIBA   23020570CAMPO GRANDE   RJUNIAO UMB DOS CULTOS AFRO BRAS    31011910 000037
10231987175000168817800093673    000033799                    000337990000000000000109                     I0233799     31011900000000040003410000017N261218104700000000000103101190000000000000000000000000000000000000000100059177608704SONIA MARIA DOS REMEDIOS                RUA SAO LUIZ                            PRAIA DO SAC23860000MANGARATIBA    RJUNIAO UMB DOS CULTOS AFRO BRAS    31011910 000038
10231987175000168817800093673    000032362                    000323620000000000000109                     I0232362     20121800000000350003410000017N291018104700000000000102012180000000000000000000000000000000000000000100007399837767CINTIA SILVA MIRANDA                    RUA COSTA RICA                          PENHA       21020340RIO DE JANEIRO RJUNIAO UMB DOS CULTOS AFRO BRAS    20121810 000039
10231987175000168817800093673    000031508                    000315080000000000000109                     I0231508     20121800000000350003410000017N291018104700000000000102012180000000000000000000000000000000000000000100047707569768BENEDITA LEONIDIA DA COSTA              RUA: NOSSA SENHORA DA GLORIA            VILA MARIA H25251530DUQUE DE CAXIASRJUNIAO UMB DOS CULTOS AFRO BRAS    20121810 000040
10231987175000168817800093673    000031430                    000314300000000000000109                     I0231430     20121800000000350003410000017N291018104700000000000102012180000000000000000000000000000000000000000100068556241700NEIDE RISMO                             RUA JABOTIA                             JARDIM DAS A26143410BELFORD ROXO   RJUNIAO UMB DOS CULTOS AFRO BRAS    20121810 000041
10231987175000168817800093673    000031294                    000312940000000000000109                     I0231294     20121800000000350003410000017N291018104700000000000102012180000000000000000000000000000000000000000100064891712791MOSENIRA DA SILVA COSTA                 RUA MARQUESA DE SANTOS                  VILA ROSARIO25040070DUQUE DE CAXIASRJUNIAO UMB DOS CULTOS AFRO BRAS    20121810 000042
10231987175000168817800093673    000030685                    000306850000000000000109                     I0230685     20121800000000350003410000017N291018104700000000000102012180000000000000000000000000000000000000000100059177608704SONIA MARIA DOS REMEDIOS                RUA SAO LUIZ                            PRAIA DO SAC23860000MANGARATIBA    RJUNIAO UMB DOS CULTOS AFRO BRAS    20121810 000043
10231987175000168817800093673    000029160                    000291600000000000000109                     I0229160     20121800000000035003410000017N291018104700000000000102012180000000000000000000000000000000000000000100056864680797SONIA MARIA DA SILVA                    RUA A                                   CAMBOTA     27600000VALENCIA       RJUNIAO UMB DOS CULTOS AFRO BRAS    20121810 000044
10231987175000168817800093673    000029112                    000291120000000000000109                     I3429112     20121800000000035003410000017N291018104700000000000102012180000000000000000000000000000000000000000100095274987753PAULO SERGIO BARBOSA DA CUNHA           RUA DAS BORBOLETAS                      BANGU       26323450RIO DE JANEIRO RJUNIAO UMB DOS CULTOS AFRO BRAS    20121810 000045
10231987175000168817800093673    000029109                    000291090000000000000109                     I0229109     20121800000000035003410000017N291018104700000000000102012180000000000000000000000000000000000000000100059177608704SONIA MARIA DOS REMEDIOS                RUA SAO LUIZ                            PRAIA DO SAC23860000MANGARATIBA    RJUNIAO UMB DOS CULTOS AFRO BRAS    20121810 000046
10231987175000168817800093673    000029049                    000290490000000000000109                     I0229049     20121800000000035003410000017N291018104700000000000102012180000000000000000000000000000000000000000100001974559726ELIZABETH BRITO DE JESUS                RUA IMPERADOR                           PRAIA DE MAU25930580RIO DE JANEIRO RJUNIAO UMB DOS CULTOS AFRO BRAS    20121810 000047
10231987175000168817800093673    000027226                    000272260000000000000109                     I0227226     30111800000000035003410000017N200818104700000000000103011180000000000000000000000000000000000000000100056864680797SONIA MARIA DA SILVA                    RUA A                                   CAMBOTA     27600000VALENCIA       RJUNIAO UMB DOS CULTOS AFRO BRAS    30111810 000048
9                                                                                                                                                                                                                                                                                                                                                                                                         000049
