01REMESSA01COBRANCA       817800093673        União Umb dos Cultos Afro Bra341BANCO ITAU SA  020418                                                                                                                                                                                                                                                                                                      000001
10231987175000168817800093673    0000936                      000009360000000000000109                     I02936       20121700000000340003410000017N171017104700000000000102012170000000000000000000000000000000000000000200000000012516GUILHERME SANTOS LINHARES               RUA ROUGET LISLE SN CASA 21 LOTE 29 52  PANTANAL - D25040360DUQUE DE CAXIASRJUNIAO UMB DOS CULTOS AFRO BRAS    20121710 000002
10231987175000168817800093673    0000934                      000009340000000000000109                     I02934       20121700000000340003410000017N171017104700000000000102012170000000000000000000000000000000000000000100010368667774SUZANA PEREIRA MOIZINHO                 RUA CONCEICAO DA PEDRA N 77             ARNALDO EUGE23016330CAMPO GRANDE   RJUNIAO UMB DOS CULTOS AFRO BRAS    20121710 000003
10231987175000168817800093673    0000932                      000009320000000000000109                     I02932       20121700000000340003410000017N171017104700000000000102012170000000000000000000000000000000000000000100000937144754EGLEA MARIA DE JESUS ROCHA DE           RUA MARIO GARCIA LOTE 7 QUADRA 60       VILA SANTO A25040370DUQUE DE CAXIASRJUNIAO UMB DOS CULTOS AFRO BRAS    20121710 000004
10231987175000168817800093673    0000931                      000009310000000000000109                     I02931       20121700000000340003410000017N171017104700000000000102012170000000000000000000000000000000000000000100049490087734DIRCE MARA DE OLIVEIRA PAULA            RUA OTILIO LIMA LOTE 2 QUADRA 130       SANTA LUZIA 24721490SAO GONCALO    RJUNIAO UMB DOS CULTOS AFRO BRAS    20121710 000005
10231987175000168817800093673    0000930                      000009300000000000000109                     I02930       20121700000000340003410000017N171017104700000000000102012170000000000000000000000000000000000000000100002578661758ANA MARIA BATISTA DA SILVA              RUA SIMOES DE SOUZA SN LOTE 13 QUADRA 20JARDIM PRIMA25223520DUQUE DE CAXIASRJUNIAO UMB DOS CULTOS AFRO BRAS    20121710 000006
10231987175000168817800093673    0000928                      000009280000000000000109                     I02928       20121700000000340003410000017N171017104700000000000102012170000000000000000000000000000000000000000100011341119750ELAINE BARBOSA DOS SANTOS               ESTRADA DO BARRO VERMELHO N 784         ROCHA MIRAND21540500RIO DE JANEIRO RJUNIAO UMB DOS CULTOS AFRO BRAS    20121710 000007
10231987175000168817800093673    0000924                      000009240000000000000109                     I02924       20121700000000340003410000017N171017104700000000000102012170000000000000000000000000000000000000000100001383163766RENATA DOMINGUES COSTA LIMA JA          RUA CALIFA, 7                           LAGOINHA - N26298012NOVA IGUACU    RJUNIAO UMB DOS CULTOS AFRO BRAS    20121710 000008
10231987175000168817800093673    0000920                      000009200000000000000109                     I02920       20121700000000340003410000017N171017104700000000000102012170000000000000000000000000000000000000000100001236998782ELIANE CASEMIRO GOMES BARBOSA           RUA BARONESA, 175 CASA 17               PRACA SECA -21321000RIO DE JANEIRO RJUNIAO UMB DOS CULTOS AFRO BRAS    20121710 000009
10231987175000168817800093673    0000919                      000009190000000000000109                     I02919       20121700000000340003410000017N171017104700000000000102012170000000000000000000000000000000000000000100059744510749ANGELA REGINA ROSA DE SA                RUA SUEZ, 174 - KM 35                   BOM JESUS - 26298180NOVA IGUACU    RJUNIAO UMB DOS CULTOS AFRO BRAS    20121710 000010
10231987175000168817800093673    0000918                      000009180000000000000109                     I02918       20121700000000400003410000017N171017104700000000000102012170000000000000000000000000000000000000000100061178543749ROSILDA ALVES DA COSTA                  RUA CUBA CASA 582                       PENHA CIRCUL21200160RIO DE JANEIRO RJUNIAO UMB DOS CULTOS AFRO BRAS    20121710 000011
10231987175000168817800093673    0000839                      000008390000000000000109                     I02839       20121700000000340003410000017N171017104700000000000102012170000000000000000000000000000000000000000100051982790725JOSE SALVIANO FILHO                     RUA EXPEDICIONARIO COSME HENRIQUE SANTOSARSENAL - SA24755430SAO GONCALO    RJUNIAO UMB DOS CULTOS AFRO BRAS    20121710 000012
10231987175000168817800093673    0000765                      000007650000000000000109                     I02765       20121700000000340003410000017N171017104700000000000102012170000000000000000000000000000000000000000200000000009079AGUINALDO DE PAULA BORGES               RUA ARNALDO MURINELI, 841 CASA 3        ANCHIETA/RJ 21630060RIO DE JANEIRO RJUNIAO UMB DOS CULTOS AFRO BRAS    20121710 000013
10231987175000168817800093673    0000762                      000007620000000000000109                     I02762       20121700000000300003410000017N171017104700000000000102012170000000000000000000000000000000000000000100091938074734MARIA DOS SANTOS RAMOS                  RUA TAIUVA, LOTE 14 QUADRA 54 CASA 2    FARRULA - BE26125420BELFORD ROXO   RJUNIAO UMB DOS CULTOS AFRO BRAS    20121710 000014
10231987175000168817800093673    0000760                      000007600000000000000109                     I02760       20121700000000340003410000017N171017104700000000000102012170000000000000000000000000000000000000000200000000008928GILMAR GAMMARO CARVALHO                 RUA GENERAL SEARA, 189                  CAROLINA - D25060010DUQUE CAXIAS   RJUNIAO UMB DOS CULTOS AFRO BRAS    20121710 000015
10231987175000168817800093673    0000759                      000007590000000000000109                     I02759       20121700000000340003410000017N171017104700000000000102012170000000000000000000000000000000000000000100011193274745WELINGTON PEDRO DOS SANTOS GOM          RUA ARAUJO ROZO, 305 FUNDOS             ANCHIETA - R21635100RIO DE JANEIRO RJUNIAO UMB DOS CULTOS AFRO BRAS    20121710 000016
10231987175000168817800093673    0000753                      000007530000000000000109                     I02753       20121700000000300003410000017N171017104700000000000102012170000000000000000000000000000000000000000100002993079727SANDRO DA SILVA FARIA                   RUA AZEVEDO GUIMARAES, 271 SOBRADO      CALIFORNIA -24460200SAO GONCALO    RJUNIAO UMB DOS CULTOS AFRO BRAS    20121710 000017
10231987175000168817800093673    0000752                      000007520000000000000109                     I02752       20121700000000300003410000017N171017104700000000000102012170000000000000000000000000000000000000000100057375011753ANA MARIA DOS SANTOS SILVA              RUA TURQUESAS, LOTE 10 QUADRA 73 - RUA 4JD CATARINA 24715600SAO GONCALO    RJUNIAO UMB DOS CULTOS AFRO BRAS    20121710 000018
10231987175000168817800093673    0000749                      000007490000000000000109                     I02749       20121700000000340003410000017N171017104700000000000102012170000000000000000000000000000000000000000100089826930768MARIA DAS DORES SILVA                   RUA JORDAO, 805 CASA 40                 TANQUE - RIO22725549RIO DE JANEIRO RJUNIAO UMB DOS CULTOS AFRO BRAS    20121710 000019
10231987175000168817800093673    0000746                      000007460000000000000109                     I02746       20121700000000300003410000017N171017104700000000000102012170000000000000000000000000000000000000000100050534173772IARA FRANCISCO                          RUA BARAO DE MELGACO, 279 FUNDOS        CORDOVIL - R21250320RIO DE JANEIRO RJUNIAO UMB DOS CULTOS AFRO BRAS    20121710 000020
10231987175000168817800093673    0000738                      000007380000000000000109                     I02738       20121700000000340003410000017N171017104700000000000102012170000000000000000000000000000000000000000100003316779701WALLACE SILVA SOARES                    RUA QUINZE DE NOVEMBRO LOTE 2 QUADRA N CSARACURUNA -25212690DUQUE DE CAXIASRJUNIAO UMB DOS CULTOS AFRO BRAS    20121710 000021
10231987175000168817800093673    0000711                      000007110000000000000109                     I02711       20121700000000340003410000017N171017104700000000000102012170000000000000000000000000000000000000000200000000008078ELIZA DA SILVA                          RUA AMILTON NASCIMENTO N 214            CAROLINA - N26012760NOVA IGUACU    RJUNIAO UMB DOS CULTOS AFRO BRAS    20121710 000022
10231987175000168817800093673    0000709                      000007090000000000000109                     I02709       20121700000000340003410000017N171017104700000000000102012170000000000000000000000000000000000000000100041008154768ELISEU CAMARGO ARTHOU                   ESTRADA DO ENGENHO NOVO N 505 FUNDOS    ANCHIETA    21620241RIO DE JANEIRO RJUNIAO UMB DOS CULTOS AFRO BRAS    20121710 000023
10231987175000168817800093673    0000704                      000007040000000000000109                     I02704       20121700000000400003410000017N171017104700000000000102012170000000000000000000000000000000000000000200000000007832MARIETA LOPES DE ALMEIDA                RUA JUIZ DE FORA N 562 LOTE 34 QUADRA 38SAO BENTO - 25041010DUQUE DE CAXIASRJUNIAO UMB DOS CULTOS AFRO BRAS    20121710 000024
10231987175000168817800093673    0000702                      000007020000000000000109                     I02702       20121700000000300003410000017N171017104700000000000102012170000000000000000000000000000000000000000100021646643704INDELECIO DOS SANTOS                    RUA BOITUVA, 117                        BENFICA - RI20930140RIO DE JANEIRO RJUNIAO UMB DOS CULTOS AFRO BRAS    20121710 000025
10231987175000168817800093673    0000698                      000006980000000000000109                     I02698       20121700000000340003410000017N171017104700000000000102012170000000000000000000000000000000000000000100061201316715ELZA CORREA BORGES                      RUA VICENTE PONTE,  25                  JARDIM CARIO21921740RIO DE JANEIRO RJUNIAO UMB DOS CULTOS AFRO BRAS    20121710 000026
10231987175000168817800093673    0000696                      000006960000000000000109                     I02696       20121700000000300003410000017N171017104700000000000102012170000000000000000000000000000000000000000200000000007590WANDERLEI ABRANTES TEIXEIRA             RUA LOURDES BARBOSA PASSOS, 26 QUADRA 21BRISA AMAR -23826360ITAGUAI        RJUNIAO UMB DOS CULTOS AFRO BRAS    20121710 000027
10231987175000168817800093673    0000684                      000006840000000000000109                     I02684       20121700000000300003410000017N171017104700000000000102012170000000000000000000000000000000000000000100035498242700RAUMER FONSECA DE FARIA                 RUA JOAQUIM RODRIGUES, 4861 CASA 1      BOA VISTA - 24465735SAO GONCALO    RJUNIAO UMB DOS CULTOS AFRO BRAS    20121710 000028
10231987175000168817800093673    0000680                      000006800000000000000109                     I02680       20121700000000340003410000017N171017104700000000000102012170000000000000000000000000000000000000000100066391482772VERA LUCIA BARBOSA FERREIRA             RUA APARECIDA, 427                      EDEN - SAO J25535020SAO JOAO DE MERRJUNIAO UMB DOS CULTOS AFRO BRAS    20121710 000029
10231987175000168817800093673    0000678                      000006780000000000000109                     I02678       20121700000000300003410000017N171017104700000000000102012170000000000000000000000000000000000000000100089816137704NOEMIA LIMA DA SILVA                    RUA JOSE GUIDA, 964 - JARDIM PANORAMA   MIGUEL COUTO26150620RIO DE JANEIRO RJUNIAO UMB DOS CULTOS AFRO BRAS    20121710 000030
10231987175000168817800093673    0000672                      000006720000000000000109                     I02672       20121700000000300003410000017N171017104700000000000102012170000000000000000000000000000000000000000200000000007007VANDERLAN JOSE MARVAO                   AVENIDA SAMPAIO CORREIA, 502 - BR 101   SANTA LUZIA 24722500SAO GONCALO    RJUNIAO UMB DOS CULTOS AFRO BRAS    20121710 000031
10231987175000168817800093673    0000605                      000006050000000000000109                     I02605       20121700000000350003410000017N101017104700000000000102012170000000000000000000000000000000000000000100060237090791ELIZABETH TELLES DA SILVA               ESTRADA OUTEIRO SANTO  900 LOTE 1 QUADRATAQUARA  RJ 22713164RIO DE JANEIRO RJUNIAO UMB DOS CULTOS AFRO BRAS    20121710 000032
10231987175000168817800093673    0000602                      000006020000000000000109                     I02602       20121700000000340003410000017N101017104700000000000102012170000000000000000000000000000000000000000200000000012795ALESSANDRA REIS DOS SANTOS              RUA: MARIA TOMAZIA Nº 125 - FUNDOS     CABARAL - NI21321660RIO DE JANEIRO RJUNIAO UMB DOS CULTOS AFRO BRAS    20121710 000033
10231987175000168817800093673    0000506                      000005060000000000000109                     I02506       20021800000000400003410000017N101017104700000000000102002180000000000000000000000000000000000000000100002819747728ANDRE RENATO DOS SANTOS VIANA           RUA RODRIGUES ALVES SN LOTE 38 QUADRA 82VILA SAPE - 25275440DUQUE DE CAXIASRJUNIAO UMB DOS CULTOS AFRO BRAS    20021810 000034
10231987175000168817800093673    0000498                      000004980000000000000109                     I02498       20121700000000340003410000017N101017104700000000000102012170000000000000000000000000000000000000000200000000011828TANIA MARIA BUENO ALVES                 RUA: CISPLATINA N 24                    IRAJA - RIO 21235070RIO DE JANEIRO RJUNIAO UMB DOS CULTOS AFRO BRAS    20121710 000035
10231987175000168817800093673    0000493                      000004930000000000000109                     I02493       20121700000000340003410000017N101017104700000000000102012170000000000000000000000000000000000000000100007279623700RODRIGO AYRES                           RUA CARIJOS N 23 CASA 1                 MEIER - RIO 20720360RIO DE JANEIRO RJUNIAO UMB DOS CULTOS AFRO BRAS    20121710 000036
10231987175000168817800093673    0000490                      000004900000000000000109                     I02490       20121700000000340003410000017N101017104700000000000102012170000000000000000000000000000000000000000100011036139794CARLA COUTO DE SOUZA                    RUA C N 150                             AMAPA - DUQU25235265DUQUE DE CAXIASRJUNIAO UMB DOS CULTOS AFRO BRAS    20121710 000037
10231987175000168817800093673    0000489                      000004890000000000000109                     I02489       20121700000000340003410000017N101017104700000000000102012170000000000000000000000000000000000000000100001199518786ADRIANA DE OLIVEIRA COUTO               RUA ITALIA LOTE 9 QUADRA 70             CACHOEIRINHA25916256PIABETA - MAGE RJUNIAO UMB DOS CULTOS AFRO BRAS    20121710 000038
10231987175000168817800093673    0000488                      000004880000000000000109                     I02488       20121700000000340003410000017N101017104700000000000102012170000000000000000000000000000000000000000100008133276799AROLDO VAZ DE COSTA                     AVENIDA SAO JOAO DE MERITI LOTE 3 QUADRAJARDIM METRO25571161SAO JOAO DE MERRJUNIAO UMB DOS CULTOS AFRO BRAS    20121710 000039
10231987175000168817800093673    0000487                      000004870000000000000109                     I02487       20121700000000340003410000017N101017104700000000000102012170000000000000000000000000000000000000000100003601608758NILDA MAURA RODRIGUES DE JESUS          RUA ARI VILAR, SERVIDAO 1 CASA 17       COSTA BARROS21520860RIO DE JANEIRO RJUNIAO UMB DOS CULTOS AFRO BRAS    20121710 000040
10231987175000168817800093673    0000477                      000004770000000000000109                     I02477       20121700000000300003410000017N101017104700000000000102012170000000000000000000000000000000000000000100048366030725SILVIA REGINA DE SOUZA CASTILH          RUA SOLDADO FILISBINO DOS SANTOS, 278   PALMARES - P23066000RIO DE JANEIRO RJUNIAO UMB DOS CULTOS AFRO BRAS    20121710 000041
10231987175000168817800093673    0000469                      000004690000000000000109                     I02469       20121700000000400003410000017N101017104700000000000102012170000000000000000000000000000000000000000100005241615776SIMONE ALICE CACCAVO GRIBEL             RUA VENEZA, 142                         PRAIA DE MAU25900000MAGE           RJUNIAO UMB DOS CULTOS AFRO BRAS    20121710 000042
10231987175000168817800093673    0000462                      000004620000000000000109                     I02462       20121700000000300003410000017N101017104700000000000102012170000000000000000000000000000000000000000100062642049787ROSALIA FERREIRA DA SILVA               RUA CLARIMUNDO DE MELO, 680             PIEDADE - RJ21311300RIO DE JANEIRO RJUNIAO UMB DOS CULTOS AFRO BRAS    20121710 000043
10231987175000168817800093673    0000456                      000004560000000000000109                     I02456       20121700000000340003410000017N101017104700000000000102012170000000000000000000000000000000000000000100012106775717VITOR GABRIEL CARVALHO DE FIGU          RUA GENERAL BELFORD, 295 CASA 12        ROCHA - RJ  20961000RIO DE JANEIRO RJUNIAO UMB DOS CULTOS AFRO BRAS    20121710 000044
10231987175000168817800093673    0000455                      000004550000000000000109                     I02455       20121700000000340003410000017N101017104700000000000102012170000000000000000000000000000000000000000100095685774753ADEMIR GOMES DOS SANTOS                 AVENIDA NOSSA SENHORA DAS GRACAS, 546   SAO JOAO DE 25515001RIO DE JANEIRO RJUNIAO UMB DOS CULTOS AFRO BRAS    20121710 000045
10231987175000168817800093673    0000450                      000004500000000000000109                     I02450       20121700000000340003410000017N101017104700000000000102012170000000000000000000000000000000000000000100010355748703MARIA LUIZA LOPES                       RUA DOUTOR NUNES, 1243 APTO 302         OLARIA - RJ 21021370RIO DE JANEIRO RJUNIAO UMB DOS CULTOS AFRO BRAS    20121710 000046
10231987175000168817800093673    0000449                      000004490000000000000109                     I02449       20121700000000300003410000017N101017104700000000000102012170000000000000000000000000000000000000000200000000011636CARLOS DE CARVALHO                      RUA MARINALVA SILVA, 9                  MALHAPAO - B26187660BELFORD ROXO   RJUNIAO UMB DOS CULTOS AFRO BRAS    20121710 000047
10231987175000168817800093673    0000447                      000004470000000000000109                     I02447       20121700000000300003410000017N101017104700000000000102012170000000000000000000000000000000000000000100012874409758CLAUDIA DA SILVA NOBRE DE MIRA          RUA SEIS, 70 - FIGUEIRA                 MAUA - MAGE 25930000MAGE           RJUNIAO UMB DOS CULTOS AFRO BRAS    20121710 000048
10231987175000168817800093673    0000444                      000004440000000000000109                     I02444       20121700000000340003410000017N101017104700000000000102012170000000000000000000000000000000000000000100037506587734MARIA JOSE ALVES DIAS                   RUA CLODOMIRO, 105                      SANTA CRUZ/R23550020RIO DE JANEIRO RJUNIAO UMB DOS CULTOS AFRO BRAS    20121710 000049
10231987175000168817800093673    0000440                      000004400000000000000109                     I02440       20121700000000340003410000017N101017104700000000000102012170000000000000000000000000000000000000000100058075402715GENECY GOMES FERNANDES                  RUA MARIA HELENA, 209                   VILA FORMOSA25915000MAGE           RJUNIAO UMB DOS CULTOS AFRO BRAS    20121710 000050
10231987175000168817800093673    0000437                      000004370000000000000109                     I02437       20121700000000340003410000017N101017104700000000000102012170000000000000000000000000000000000000000100065753313787ELVIRA FLAUZINA CELSO                   RUA DA CONCEICAO, 112                   SANTA ROSA /27155000BARRA DO PIRAI RJUNIAO UMB DOS CULTOS AFRO BRAS    20121710 000051
9                                                                                                                                                                                                                                                                                                                                                                                                         000052
