01REMESSA01COBRANCA       817800093673        União Umb dos Cultos Afro Bra341BANCO ITAU SA  200618                                                                                                                                                                                                                                                                                                      000001
10231987175000168817800093673    00006203                     000062030000000000000109                     I026203      28021800000000035003410000017N271217104700000000000102802180000000000000000000000000000000000000000100097512770782DULCINEIA CAPUTE                        AVENIDA ITAGUAI N 848 A - ENGENHO       ITAGUAI - RJ23820306ITAGUAI        RJUNIAO UMB DOS CULTOS AFRO BRAS    28021810 000002
10231987175000168817800093673    00006201                     000062010000000000000109                     I026201      28021800000000035003410000017N271217104700000000000102802180000000000000000000000000000000000000000200000000002180ROSINEIA MARTINS DE ARRUDA              RUA ALBERTO DE MELO, 388                COMENDADOR S26280310NOVA IGUACU    RJUNIAO UMB DOS CULTOS AFRO BRAS    28021810 000003
10231987175000168817800093673    00006200                     000062000000000000000109                     I026200      28021800000000035003410000017N271217104700000000000102802180000000000000000000000000000000000000000100006980782762ALEX SANDRO INACIO DO NASCIMEN          MESMO                                   MESMO       26298686NOVA IGUACU    RJUNIAO UMB DOS CULTOS AFRO BRAS    28021810 000004
10231987175000168817800093673    00006199                     000061990000000000000109                     I026199      28021800000000035003410000017N271217104700000000000102802180000000000000000000000000000000000000000200000000002163NEUSA DA SILVA RODRIGUES                RUA DOM RAFAEL, 5 - PACIENCIA           29 DE MARCO 23060370RIO DE JANEIRO RJUNIAO UMB DOS CULTOS AFRO BRAS    28021810 000005
10231987175000168817800093673    00006194                     000061940000000000000109                     I026194      28021800000000035003410000017N271217104700000000000102802180000000000000000000000000000000000000000100007120562703JANETE RIBEIRO DE ALMEIDA               O MESMO                                 O MESMO     26347030NOVA IGUACU    RJUNIAO UMB DOS CULTOS AFRO BRAS    28021810 000006
10231987175000168817800093673    00006192                     000061920000000000000109                     I026192      28021800000000035003410000017N271217104700000000000102802180000000000000000000000000000000000000000100008839877754DEISE CORREIA ALVES SILVA               PRACA FLAMENGO N 17                     SANTA TEREZA25086090DUQUE DE CAXIASRJUNIAO UMB DOS CULTOS AFRO BRAS    28021810 000007
10231987175000168817800093673    00006191                     000061910000000000000109                     I026191      28021800000000035003410000017N271217104700000000000102802180000000000000000000000000000000000000000100003026317713RITA DE CASSIA VIEIRA SIMOES F          RUA CABO SAULO DE VASCONCELOS N 120 LOTEJARDIM PALMA23510001PACIENCIA      RJUNIAO UMB DOS CULTOS AFRO BRAS    28021810 000008
10231987175000168817800093673    00006190                     000061900000000000000109                     I026190      28021800000000035003410000017N271217104700000000000102802180000000000000000000000000000000000000000200000000006837ELIZABETH RODRIGUES DE MATTOS           O MESMO                                 O MESMO     26263290NOVA IGUACU    RJUNIAO UMB DOS CULTOS AFRO BRAS    28021810 000009
10231987175000168817800093673    00006188                     000061880000000000000109                     I026188      28021800000000035003410000017N271217104700000000000102802180000000000000000000000000000000000000000100001045146714ELIANE RIBEIRO MACEDO                   O MESMO                                 O MESMO     21725320RIO DE JANEIRO RJUNIAO UMB DOS CULTOS AFRO BRAS    28021810 000010
10231987175000168817800093673    00006187                     000061870000000000000109                     I026187      28021800000000035003410000017N271217104700000000000102802180000000000000000000000000000000000000000100051398060704ELIZABETH MONTEIRO MOREIRA DA           RUA: IBITINGA LOTE 1 QD 3 CASA 1 - PARQUBELFORD ROXO26167160BELFORD ROXO   RJUNIAO UMB DOS CULTOS AFRO BRAS    28021810 000011
10231987175000168817800093673    00006184                     000061840000000000000109                     I026184      28021800000000035003410000017N271217104700000000000102802180000000000000000000000000000000000000000200000000006667HILDETE SACRAMENTO BISPO                O MESMO                                 O MESMO     23060070RIO DE JANEIRO RJUNIAO UMB DOS CULTOS AFRO BRAS    28021810 000012
10231987175000168817800093673    00006182                     000061820000000000000109                     I026182      28021800000000035003410000017N271217104700000000000102802180000000000000000000000000000000000000000100070672997720MARTA CAVALCANTE TEIXEIRA               O MESMO                                 O MESMO     22763011RIO DE JANEIRO RJUNIAO UMB DOS CULTOS AFRO BRAS    28021810 000013
10231987175000168817800093673    00006181                     000061810000000000000109                     I026181      28021800000000035003410000017N271217104700000000000102802180000000000000000000000000000000000000000100084244224734JORGE MARCELO TINTEL                    O MESMO                                 O MESMO     23530220RIO DE JANEIRO RJUNIAO UMB DOS CULTOS AFRO BRAS    28021810 000014
10231987175000168817800093673    00006178                     000061780000000000000109                     I026178      28021800000000035003410000017N271217104700000000000102802180000000000000000000000000000000000000000100098806181734PAULO ROMULO ALVES DE SOUZA             O MESMO                                 O MESMO     26021560NOVA IGUACU    RJUNIAO UMB DOS CULTOS AFRO BRAS    28021810 000015
10231987175000168817800093673    00006177                     000061770000000000000109                     I026177      28021800000000035003410000017N271217104700000000000102802180000000000000000000000000000000000000000200000000006579LUIZ CLAUDIO BATISTA REIS               O MESMO                                 O MESMO     24315384NITEROI        RJUNIAO UMB DOS CULTOS AFRO BRAS    28021810 000016
10231987175000168817800093673    00006176                     000061760000000000000109                     I026176      28021800000000035003410000017N271217104700000000000102802180000000000000000000000000000000000000000200000000006577MARIA DARLI BARBOSA                     O MESMO                                 O MESMO     23830000ITAGUAI        RJUNIAO UMB DOS CULTOS AFRO BRAS    28021810 000017
10231987175000168817800093673    00006175                     000061750000000000000109                     I026175      28021800000000035003410000017N271217104700000000000102802180000000000000000000000000000000000000000100083326952791JOSELITA BATISTA DE OLIVEIRA            O MESMO                                 O MESMO     23830000ITAGUAI        RJUNIAO UMB DOS CULTOS AFRO BRAS    28021810 000018
10231987175000168817800093673    00006171                     000061710000000000000109                     I026171      28021800000000035003410000017N271217104700000000000102802180000000000000000000000000000000000000000100068331428749IVANILDA DOS SANTOS                     RUA RIBEIRAO DO SUL LOTE 7 QUADRA 29    GUARATIBA - 23026590RIO DE JANEIRO RJUNIAO UMB DOS CULTOS AFRO BRAS    28021810 000019
10231987175000168817800093673    00006169                     000061690000000000000109                     I026169      28021800000000035003410000017N271217104700000000000102802180000000000000000000000000000000000000000200000000006490JOANA MARIA JOSE BORGES                 ESTRADA: UNIAO E INDUSTRIA              ESTRADA: UNI25720062PINHEIRAL      RJUNIAO UMB DOS CULTOS AFRO BRAS    28021810 000020
10231987175000168817800093673    00006166                     000061660000000000000109                     I026166      28021800000000035003410000017N271217104700000000000102802180000000000000000000000000000000000000000200000000006437DOLARINA CANDIDA DE JESUS               O MESMO                                 O MESMO     23585580RIO DE JANEIRO RJUNIAO UMB DOS CULTOS AFRO BRAS    28021810 000021
10231987175000168817800093673    00006165                     000061650000000000000109                     I026165      28021800000000035003410000017N271217104700000000000102802180000000000000000000000000000000000000000200000000006430JONAS SILVA SIQUEIRA                    O MESMO                                 O MESMO     21670420RIO DE JANEIRO RJUNIAO UMB DOS CULTOS AFRO BRAS    28021810 000022
10231987175000168817800093673    00006164                     000061640000000000000109                     I026164      28021800000000035003410000017N271217104700000000000102802180000000000000000000000000000000000000000100085789569749VALMIR DE SOUZA RIBEIRO                 O MESMO                                 O MESMO     21715080RIO DE JANEIRO RJUNIAO UMB DOS CULTOS AFRO BRAS    28021810 000023
10231987175000168817800093673    00006163                     000061630000000000000109                     I026163      28021800000000035003410000017N271217104700000000000102802180000000000000000000000000000000000000000100003350383793RITA DE CASSIA MOREIRA DA SILV          RUA ALBERTO TEIXEIRA DA CUNHA           CENTRO      26520110NILOPOLIS      RJUNIAO UMB DOS CULTOS AFRO BRAS    28021810 000024
10231987175000168817800093673    00006160                     000061600000000000000109                     I026160      28021800000000035003410000017N271217104700000000000102802180000000000000000000000000000000000000000100098693043168REJANE VIEIRA GOMES                     RUA: TAPIRANGA                          RIO DE JANEI21775470RIO DE JANEIRO RJUNIAO UMB DOS CULTOS AFRO BRAS    28021810 000025
10231987175000168817800093673    00006159                     000061590000000000000109                     I026159      28021800000000035003410000017N271217104700000000000102802180000000000000000000000000000000000000000200000000001019CELIO DELDUQUE                          RUA DOMINGOS PIRES, 181/183             PILARES  - R20750160RIO DE JANEIRO RJUNIAO UMB DOS CULTOS AFRO BRAS    28021810 000026
10231987175000168817800093673    00006158                     000061580000000000000109                     I026158      28021800000000035003410000017N271217104700000000000102802180000000000000000000000000000000000000000100001015032702GABRIEL MENEZES                         RUA LINO FONSECA N 281                  OSVALDO CRUZ21340540SAO PEDRO DA ALRJUNIAO UMB DOS CULTOS AFRO BRAS    28021810 000027
10231987175000168817800093673    00006157                     000061570000000000000109                     I026157      28021800000000035003410000017N271217104700000000000102802180000000000000000000000000000000000000000100030341108715SUELENA DA SILVA MARTINS                RUA PAULO DE AQUINO, 27                 ANCHIETA - R21645500RIO DE JANEIRO RJUNIAO UMB DOS CULTOS AFRO BRAS    28021810 000028
10231987175000168817800093673    00006155                     000061550000000000000109                     I026155      28021800000000035003410000017N271217104700000000000102802180000000000000000000000000000000000000000100003863156714VILMA TEREZA DE SOUZA AMARAL            RUA GUATEMALENSE, LOTE 7 QUADRA 32      JARDIM MERIT25555700SAO JOAO DE MERRJUNIAO UMB DOS CULTOS AFRO BRAS    28021810 000029
10231987175000168817800093673    00006153                     000061530000000000000109                     I026153      28021800000000035003410000017N271217104700000000000102802180000000000000000000000000000000000000000200000000005008ROSEMERE THEODORO DA SILVA              BECO ECA DE QUEIROZ, 26                 VILA SANTO A25040355DUQUE DE CAXIASRJUNIAO UMB DOS CULTOS AFRO BRAS    28021810 000030
10231987175000168817800093673    00006151                     000061510000000000000109                     I026151      28021800000000035003410000017N271217104700000000000102802180000000000000000000000000000000000000000100003329195797LUCIANO JOAQUIM                         RUA PERUANA, LOTE 27 QUADRA 12          P. BARAO DO 25555540SAO JOAO DE MERRJUNIAO UMB DOS CULTOS AFRO BRAS    28021810 000031
10231987175000168817800093673    00006148                     000061480000000000000109                     I026148      28021800000000035003410000017N271217104700000000000102802180000000000000000000000000000000000000000100002804485706LEONOR CARINE COSTA WINTRICH            RUA ESTRELA, 24                         BONSUCESSO -21041070RIO DE JANEIRO RJUNIAO UMB DOS CULTOS AFRO BRAS    28021810 000032
10231987175000168817800093673    00006147                     000061470000000000000109                     I026147      28021800000000035003410000017N271217104700000000000102802180000000000000000000000000000000000000000100002477166778BEATRIZ MIRANDA ABRANCHES               RUA GRUCAI, 657                         PENHA - RJ  21020250RIO DE JANEIRO RJUNIAO UMB DOS CULTOS AFRO BRAS    28021810 000033
10231987175000168817800093673    00006144                     000061440000000000000109                     I026144      28021800000000035003410000017N271217104700000000000102802180000000000000000000000000000000000000000100004550495723MARIA ADELAIDE DA SILVA PROFET          RUA ARACA, 552                          RICARDO DE A21620050RIO DE JANEIRO RJUNIAO UMB DOS CULTOS AFRO BRAS    28021810 000034
10231987175000168817800093673    00006143                     000061430000000000000109                     I026143      28021800000000035003410000017N271217104700000000000102802180000000000000000000000000000000000000000200000000005090DENILZA THIMOTHEO ROZA                  RUA MARIO CARPENTER, 309 ENTRADA A APTO PILARES - RI20755062RIO DE JANEIRO RJUNIAO UMB DOS CULTOS AFRO BRAS    28021810 000035
10231987175000168817800093673    00006140                     000061400000000000000109                     I026140      28021800000000035003410000017N271217104700000000000102802180000000000000000000000000000000000000000100084761512768MIRIAN ALVES DE AQUINO MALTOS           RUA GUARAPUAVA N 173                    INHAUMA - RJ21371420RIO DE JANEIRO RJUNIAO UMB DOS CULTOS AFRO BRAS    28021810 000036
10231987175000168817800093673    00006138                     000061380000000000000109                     I026138      28021800000000035003410000017N271217104700000000000102802180000000000000000000000000000000000000000100062444654749NADIA DA CUNHA SANTOS                   RUA CLARIMUNDO DE MELO Nº 1040         QUINTINO - R00000000RIO DE JANEIRO RJUNIAO UMB DOS CULTOS AFRO BRAS    28021810 000037
10231987175000168817800093673    00006137                     000061370000000000000109                     I026137      28021800000000035003410000017N271217104700000000000102802180000000000000000000000000000000000000000100096073276753MARIA JOSE DA SILVA                     RUA MANOEL GAMA, LOTE 142               TOMAZINHO - 25525542SAO JOAO DE MERRJUNIAO UMB DOS CULTOS AFRO BRAS    28021810 000038
10231987175000168817800093673    00006134                     000061340000000000000109                     I026134      28021800000000035003410000017N271217104700000000000102802180000000000000000000000000000000000000000100060495901768ANA CRISTINA PAVAO BARONI               RUA TAMANDUATEI, 197                    JARDIM TROPI26012775NOVA IGUACU    RJUNIAO UMB DOS CULTOS AFRO BRAS    28021810 000039
10231987175000168817800093673    00006132                     000061320000000000000109                     I026132      28021800000000035003410000017N271217104700000000000102802180000000000000000000000000000000000000000100000744455707VERA LUCIA CALIXTO DA SILVA             O MESMO                                 O MESMO     27115410BARRA DO PIRAI RJUNIAO UMB DOS CULTOS AFRO BRAS    28021810 000040
10231987175000168817800093673    00006130                     000061300000000000000109                     I026130      28021800000000035003410000017N271217104700000000000102802180000000000000000000000000000000000000000100033565708700MARLY DA SILVA UCHOA                    AVENIDA MINISTRO EDGARD ROMERO, 597 CASAMADUREIRA - 21360200RIO DE JANEIRO RJUNIAO UMB DOS CULTOS AFRO BRAS    28021810 000041
10231987175000168817800093673    00006128                     000061280000000000000109                     I026128      28021800000000035003410000017N271217104700000000000102802180000000000000000000000000000000000000000100060946563772FLORIPEDES MADUREIRA SIQUEIRA           AVENIDA PARAIBA, 210                    DOM BOSCO - 27286000VOLTA REDONDA  RJUNIAO UMB DOS CULTOS AFRO BRAS    28021810 000042
10231987175000168817800093673    00006123                     000061230000000000000109                     I026123      28021800000000035003410000017N271217104700000000000102802180000000000000000000000000000000000000000100076998460791IRENE DA SILVA CUPOLILLO                RUA VERA, 135                           CORDOVIL - R21012220RIO DE JANEIRO RJUNIAO UMB DOS CULTOS AFRO BRAS    28021810 000043
10231987175000168817800093673    00006122                     000061220000000000000109                     I026122      28021800000000040003410000017N271217104700000000000102802180000000000000000000000000000000000000000100005206095737FLORIPES RAMOS DE FARIAS                RUA ONESIO MANOEL BELARMINO, 75         ANCHIETA  - 21625330RIO DE JANEIRO RJUNIAO UMB DOS CULTOS AFRO BRAS    28021810 000044
10231987175000168817800093673    00006120                     000061200000000000000109                     I026120      28021800000000035003410000017N271217104700000000000102802180000000000000000000000000000000000000000100055570720715ATILA CARDOSO DE LIMA                   RUA EUGENIO SOARES, 270                 CENTRO - MES26550007MESQUITA       RJUNIAO UMB DOS CULTOS AFRO BRAS    28021810 000045
10231987175000168817800093673    00006119                     000061190000000000000109                     I026119      28021800000000035003410000017N271217104700000000000102802180000000000000000000000000000000000000000200000000000472JOANE ZAGALIA DA CUNHA                  RUA JABIRI, 365                         MARECHAL HER21615300MARECHAL HERMESRJUNIAO UMB DOS CULTOS AFRO BRAS    28021810 000046
10231987175000168817800093673    00006117                     000061170000000000000109                     I026117      28021800000000035003410000017N271217104700000000000102802180000000000000000000000000000000000000000100050713558768ANILSON DA SILVA                        TRAVESSA HELENA, CASA 19 ENTRADA 217    REALENGO - R21760620RIO DE JANEIRO RJUNIAO UMB DOS CULTOS AFRO BRAS    28021810 000047
10231987175000168817800093673    00006112                     000061120000000000000109                     I026112      28021800000000035003410000017N271217104700000000000102802180000000000000000000000000000000000000000100044279388768THEREZA LEOCADIA DA COSTA               RUA VERA CRUZ, 12 - TRINTA E UM DE OUTUBPACIENCIA - 23585817RIO DE JANEIRO RJUNIAO UMB DOS CULTOS AFRO BRAS    28021810 000048
10231987175000168817800093673    00006111                     000061110000000000000109                     I026111      28021800000000035003410000017N271217104700000000000102802180000000000000000000000000000000000000000100001077338708ANA MONICA FERREIRA DOS SANTOS          RUA ITAIR JOSE VELOSO, 101 CASA 2 - CONJPACIENCIA - 23587390RIO DE JANEIRO RJUNIAO UMB DOS CULTOS AFRO BRAS    28021810 000049
10231987175000168817800093673    00006110                     000061100000000000000109                     I026110      28021800000000035003410000017N271217104700000000000102802180000000000000000000000000000000000000000100078759676787VANDA LUCIA LIMA DA SILVA               RUA ALMIRANTE JUSTINO PROENCA, 395      CAMPO GRANDE23090310RIO DE JANEIRO RJUNIAO UMB DOS CULTOS AFRO BRAS    28021810 000050
10231987175000168817800093673    00006109                     000061090000000000000109                     I026109      28021800000000035003410000017N271217104700000000000102802180000000000000000000000000000000000000000200000000006267MANOELINA MARIANA DA SILVA RIB          O MESMO                                 O MESMO     26540120NILOPOLIS      RJUNIAO UMB DOS CULTOS AFRO BRAS    28021810 000051
10231987175000168817800093673    00006108                     000061080000000000000109                     I026108      28021800000000035003410000017N271217104700000000000102802180000000000000000000000000000000000000000100078991455700MARY LUCIA PEREIRA DA SILVA             RUA MONODORA, 95                        GARDENIA AZU22765590RIO DE JANEIRO RJUNIAO UMB DOS CULTOS AFRO BRAS    28021810 000052
10231987175000168817800093673    00006107                     000061070000000000000109                     I026107      28021800000000035003410000017N271217104700000000000102802180000000000000000000000000000000000000000200000000005779SANDRA MARIA DOS SANTOS DA SIL          RUA AMILTON FERNANDES, 77 - JARDIM NOVO REALENGO - R21760370RIO DE JANEIRO RJUNIAO UMB DOS CULTOS AFRO BRAS    28021810 000053
10231987175000168817800093673    00006104                     000061040000000000000109                     I026104      28021800000000035003410000017N271217104700000000000102802180000000000000000000000000000000000000000200000000006239NEUZA SANTOS DE BRITO                   ESTRADA DO MOINHO, 2373                 CAMPO GRANDE23040550RIO DE JANEIRO RJUNIAO UMB DOS CULTOS AFRO BRAS    28021810 000054
10231987175000168817800093673    00006102                     000061020000000000000109                     I026102      28021800000000035003410000017N271217104700000000000102802180000000000000000000000000000000000000000200000000006204MARIA DAS DORES SANTOS                  ESTRADA DO AREAL, 4                     BOA VISTA DA27165000BARRA DO PIRAI RJUNIAO UMB DOS CULTOS AFRO BRAS    28021810 000055
10231987175000168817800093673    00006101                     000061010000000000000109                     I026101      28021800000000035003410000017N271217104700000000000102802180000000000000000000000000000000000000000200000000006165ELISABETE JORDAO DOS SANTOS             RUA GENERAL MANOEL RABELO, 1025         VILA SAO LUI25065050DUQUE DE CAXIASRJUNIAO UMB DOS CULTOS AFRO BRAS    28021810 000056
10231987175000168817800093673    00006098                     000060980000000000000109                     I026098      28021800000000035003410000017N271217104700000000000102802180000000000000000000000000000000000000000200000000006076CLEIA DE OLIVEIRA                       RUA FRANCISCO FRANCO, 134               REPRESA - BA27135110BARRA DO PIRAI RJUNIAO UMB DOS CULTOS AFRO BRAS    28021810 000057
10231987175000168817800093673    00006093                     000060930000000000000109                     I026093      28021800000000035003410000017N271217104700000000000102802180000000000000000000000000000000000000000100001411422783ANITA ANTONIA DOS REIS                  RUA SEABRA SOBRINHO, 413                CENTENARIO -25030190DUQUE DE CAXIASRJUNIAO UMB DOS CULTOS AFRO BRAS    28021810 000058
10231987175000168817800093673    00006092                     000060920000000000000109                     I026092      28021800000000035003410000017N271217104700000000000102802180000000000000000000000000000000000000000100053768175715DAMIANA MARTINS DA SILVA                RUA ARABORI, 262                        ROCHA MIRAND21545120RIO DE JANEIRO RJUNIAO UMB DOS CULTOS AFRO BRAS    28021810 000059
10231987175000168817800093673    00006089                     000060890000000000000109                     I026089      28021800000000035003410000017N271217104700000000000102802180000000000000000000000000000000000000000200000000001219IOLANDA CUSTODIA DA ROSA                AV. EMBAIXADOR ABELARDO BUENO N 9 - VILABARRA DA TIJ22775040RIO DE JANEIRO RJUNIAO UMB DOS CULTOS AFRO BRAS    28021810 000060
10231987175000168817800093673    00006087                     000060870000000000000109                     I026087      28021800000000035003410000017N271217104700000000000102802180000000000000000000000000000000000000000100000000000133JORGE ALAN COSTA DE CASTRO              RUA: NICOLAU BARBOSA                    IPIRANGA    00000000BARRA DO PIRAI RJUNIAO UMB DOS CULTOS AFRO BRAS    28021810 000061
10231987175000168817800093673    00005801                     000058010000000000000109                     I025801      28021800000000035003410000017N261217104700000000000102802180000000000000000000000000000000000000000100007049805769DAYSI LUCIA FREIRE DE AZEVEDO           RUA JOAO HONORATO N 35                  SAPE - NITER24320570NITEROI        RJUNIAO UMB DOS CULTOS AFRO BRAS    28021810 000062
10231987175000168817800093673    00005560                     000055600000000000000109                     I025560      16031800000000035003410000017N261217104700000000000101603180000000000000000000000000000000000000000100031709294749ELIETE DE OLIVEIRA FONSECA              ESTRADA DO MAGARCA, 1137 FUNDOS         GUARATIBA - 23035380RIO DE JANEIRO RJUNIAO UMB DOS CULTOS AFRO BRAS    16031810 000063
10231987175000168817800093673    00005430                     000054300000000000000109                     I025430      29031800000000035003410000017N261217104700000000000102903180000000000000000000000000000000000000000100006927798705ROSA MARIA RICARDO PINTO                RUA JOAQUIM BESSA, 148 / RUA DOIS, 169  TRINDADE - S24210205SAO GONCALO    RJUNIAO UMB DOS CULTOS AFRO BRAS    29031810 000064
10231987175000168817800093673    00005320                     000053200000000000000109                     I025320      30031800000000035003410000017N261217104700000000000103003180000000000000000000000000000000000000000100067293816715SCHEYLA ARNALDO                         RUA PRAIA DA FERRADURA                  CAMINHO DE B28900000RIO DE JANEIRO RJUNIAO UMB DOS CULTOS AFRO BRAS    30031810 000065
9                                                                                                                                                                                                                                                                                                                                                                                                         000066
