01REMESSA01COBRANCA       817800093673        União Umb dos Cultos Afro Bra341BANCO ITAU SA  170518                                                                                                                                                                                                                                                                                                      000001
10231987175000168817800093673    000021000                    000210000000000000000109                     I0121000     05061800000000350003410000017N170518104700000000000100506180000000000000000000000000000000000000000100005292156752MARCIO VALADARES DOS SANTOS             RUA SETUBAL LT 7 QD N - CABUCU          NOVA IGUACU 21330560RIO DE JANEIRO RJUNIAO UMB DOS CULTOS AFRO BRAS    05061810 000002
10231987175000168817800093673    000020999                    000209990000000000000109                     I0120999     30081800000000035003410000017N170518104700000000000103008180000000000000000000000000000000000000000100009924715790JOSEFA MARIA DA SILVA                   TRAVESSA DOS LAVRADORES                 VILA SAO DOM26271340NOVA IGUACU    RJUNIAO UMB DOS CULTOS AFRO BRAS    30081810 000003
10231987175000168817800093673    000020998                    000209980000000000000109                     I0120998     30071800000000035003410000017N170518104700000000000103007180000000000000000000000000000000000000000100009924715790JOSEFA MARIA DA SILVA                   TRAVESSA DOS LAVRADORES                 VILA SAO DOM26271340NOVA IGUACU    RJUNIAO UMB DOS CULTOS AFRO BRAS    30071810 000004
10231987175000168817800093673    000020997                    000209970000000000000109                     I0120997     30061800000000035003410000017N170518104700000000000103006180000000000000000000000000000000000000000100009924715790JOSEFA MARIA DA SILVA                   TRAVESSA DOS LAVRADORES                 VILA SAO DOM26271340NOVA IGUACU    RJUNIAO UMB DOS CULTOS AFRO BRAS    30061810 000005
10231987175000168817800093673    000020996                    000209960000000000000109                     I0120996     30051800000000175003410000017N170518104700000000000103005180000000000000000000000000000000000000000100033927499749JORGE CARDOSO DE MACEDO                 RUA G, LOTE 29 QUADRA 11                GRANJA SANTA25900000PIABETA - MAGE RJUNIAO UMB DOS CULTOS AFRO BRAS    30051810 000006
10231987175000168817800093673    000020995                    000209950000000000000109                     I0120995     05061800000000800003410000017N160518104700000000000100506180000000000000000000000000000000000000000100060157160610JOSE ANTONIO COUTINHO                   O MESMO                                 O MESMO     22710000RIO DE JANEIRO RJUNIAO UMB DOS CULTOS AFRO BRAS    05061810 000007
10231987175000168817800093673    000014310                    000143100000000000000109                     I3414310     06041800000000105003410000017N030418104700000000000100604180000000000000000000000000000000000000000100002638717703EDINO GOMES DE BARROS JUNIOR            RUA PARANA N 10                         MORRO DO ORI24400000SAO GONCALO    RJUNIAO UMB DOS CULTOS AFRO BRAS    06041810 000008
10231987175000168817800093673    000013824                    000138240000000000000109                     I3413824     30051800000000035003410000017N200218104700000000000103005180000000000000000000000000000000000000000100079882749704IRIS BRASILINO VILELA                   RUA SETE DE SETEMBRO N 183              CAMARI - NOV26022202NOVA IGUACU    RJUNIAO UMB DOS CULTOS AFRO BRAS    30051810 000009
10231987175000168817800093673    000013717                    000137170000000000000109                     I3413717     30051800000000035003410000017N200218104700000000000103005180000000000000000000000000000000000000000100053211839704ALCIONE SOUZA DOS SANTOS                RUA: MARINO FELIX Nº 26 - SEPETIBA     RIO DE JANEI23535006RIO DE JANEIRO RJUNIAO UMB DOS CULTOS AFRO BRAS    30051810 000010
10231987175000168817800093673    000013715                    000137150000000000000109                     I3413715     30051800000000035003410000017N200218104700000000000103005180000000000000000000000000000000000000000100099586860768MARLECI NAVARRO DE FARIA                RUA CURUPAETI N 8 QUADRA 6              VILA VICOSA 21230075RIO DE JANEIRO RJUNIAO UMB DOS CULTOS AFRO BRAS    30051810 000011
10231987175000168817800093673    000013667                    000136670000000000000109                     I3413667     30051800000000035003410000017N200218104700000000000103005180000000000000000000000000000000000000000100001968753790ROSANGELA CRISTINA GOULART              RUA LUIZ BATISTA LOPES N 35 - IUCAS     IUCAS - TERE25964240TERESOPOLIS    RJUNIAO UMB DOS CULTOS AFRO BRAS    30051810 000012
10231987175000168817800093673    000013469                    000134690000000000000109                     I0213469     30051800000000035003410000017N200218104700000000000103005180000000000000000000000000000000000000000100033927499749JORGE CARDOSO DE MACEDO                 RUA G, LOTE 29 QUADRA 11                GRANJA SANTA25900000PIABETA - MAGE RJUNIAO UMB DOS CULTOS AFRO BRAS    30051810 000013
10231987175000168817800093673    000013257                    000132570000000000000109                     I0213257     30051800000000035003410000017N200218104700000000000103005180000000000000000000000000000000000000000100007315512730SIDCLAY MEDEIROS DOS SANTOS             TRAVESSA ANES DIAS, 9                   SANTISSIMO -23094010RIO DE JANEIRO RJUNIAO UMB DOS CULTOS AFRO BRAS    30051810 000014
10231987175000168817800093673    000013065                    000130650000000000000109                     I3413065     30051800000000035003410000017N200218104700000000000103005180000000000000000000000000000000000000000100083679472749SILVIA REGINA DE SOUZA BAPTIST          RUA  LAFAIETE JOSE MEDINA, 2            CHAPEU MANGU22010020RIO DE JANEIRO RJUNIAO UMB DOS CULTOS AFRO BRAS    30051810 000015
10231987175000168817800093673    000012215                    000122150000000000000109                     I3412215     30041800000000035003410000017N200218104700000000000103004180000000000000000000000000000000000000000100079882749704IRIS BRASILINO VILELA                   RUA SETE DE SETEMBRO N 183              CAMARI - NOV26022202NOVA IGUACU    RJUNIAO UMB DOS CULTOS AFRO BRAS    30041810 000016
10231987175000168817800093673    000012204                    000122040000000000000109                     I3412204     30041800000000035003410000017N200218104700000000000103004180000000000000000000000000000000000000000100011351878786GLEISSON BITTENCOURT DA SILVA           RUA FLORA DE ARAUJO N 310               PRATA - NOVA26010570NOVA IGUACU    RJUNIAO UMB DOS CULTOS AFRO BRAS    30041810 000017
10231987175000168817800093673    000012137                    000121370000000000000109                     I3412137     30041800000000035003410000017N200218104700000000000103004180000000000000000000000000000000000000000100000497155770CINTIA MARTIN                           RUA POCONE N 371                        ENCANTADO - 20745090RIO DE JANEIRO RJUNIAO UMB DOS CULTOS AFRO BRAS    30041810 000018
10231987175000168817800093673    000012115                    000121150000000000000109                     I3412115     30041800000000035003410000017N200218104700000000000103004180000000000000000000000000000000000000000100011640644792MARLY SERPA BORGES                      RUA VISTA ALEGRE N 12                   SANTA TERESA20251410RIO DE JANEIRO RJUNIAO UMB DOS CULTOS AFRO BRAS    30041810 000019
10231987175000168817800093673    000012106                    000121060000000000000109                     I3412106     30041800000000035003410000017N200218104700000000000103004180000000000000000000000000000000000000000100099586860768MARLECI NAVARRO DE FARIA                RUA CURUPAETI N 8 QUADRA 6              VILA VICOSA 21230075RIO DE JANEIRO RJUNIAO UMB DOS CULTOS AFRO BRAS    30041810 000020
10231987175000168817800093673    000011860                    000118600000000000000109                     I0211860     30041800000000035003410000017N200218104700000000000103004180000000000000000000000000000000000000000100033927499749JORGE CARDOSO DE MACEDO                 RUA G, LOTE 29 QUADRA 11                GRANJA SANTA25900000PIABETA - MAGE RJUNIAO UMB DOS CULTOS AFRO BRAS    30041810 000021
10231987175000168817800093673    000011761                    000117610000000000000109                     I3411761     30041800000000035003410000017N200218104700000000000103004180000000000000000000000000000000000000000100069833850715WALTER LIMA DE AVELLAR                  RUA SAO JOSE, S/N QUADRA 47 LOTE 19     ITAIPUACU - 24900000MARICA         RJUNIAO UMB DOS CULTOS AFRO BRAS    30041810 000022
10231987175000168817800093673    000011648                    000116480000000000000109                     I0211648     30041800000000035003410000017N200218104700000000000103004180000000000000000000000000000000000000000100007315512730SIDCLAY MEDEIROS DOS SANTOS             TRAVESSA ANES DIAS, 9                   SANTISSIMO -23094010RIO DE JANEIRO RJUNIAO UMB DOS CULTOS AFRO BRAS    30041810 000023
10231987175000168817800093673    000011460                    000114600000000000000109                     I0211460     30041800000000035003410000017N200218104700000000000103004180000000000000000000000000000000000000000100011694897702RONIVON BASILIO TEXEIRA                 RUA PROJETADA 1, 28                     VILA MARIA H25213335DUQUE DE CAXIASRJUNIAO UMB DOS CULTOS AFRO BRAS    30041810 000024
10231987175000168817800093673    000011456                    000114560000000000000109                     I3411456     30041800000000035003410000017N200218104700000000000103004180000000000000000000000000000000000000000100083679472749SILVIA REGINA DE SOUZA BAPTIST          RUA  LAFAIETE JOSE MEDINA, 2            CHAPEU MANGU22010020RIO DE JANEIRO RJUNIAO UMB DOS CULTOS AFRO BRAS    30041810 000025
10231987175000168817800093673    000011453                    000114530000000000000109                     I3411453     30041800000000035003410000017N200218104700000000000103004180000000000000000000000000000000000000000100080609066749ELIANE RODRIGUES PIRES                  RUA PARAMIRIM, 710                      BENTO RIBEIR21550610RIO DE JANEIRO RJUNIAO UMB DOS CULTOS AFRO BRAS    30041810 000026
10231987175000168817800093673    000011449                    000114490000000000000109                     I0211449     30041800000000035003410000017N200218104700000000000103004180000000000000000000000000000000000000000100050704281791JOSE CICERO ALVES DOS SANTOS            RUA PRESIDENTE CASTELO BRANCO, LOTE 3   TEIXEIRA - I23840240ITAGUAI        RJUNIAO UMB DOS CULTOS AFRO BRAS    30041810 000027
10231987175000168817800093673    000010922                    000109220000000000000109                     I3410922     30041800000000035003410000017N200218104700000000000103004180000000000000000000000000000000000000000100054222141704WALMIR CARVALHO GUIMARAES               RUA BOA VIAGEM, 186 CASA                IPIRANGA - N26293591NOVA IGUACU    RJUNIAO UMB DOS CULTOS AFRO BRAS    30041810 000028
10231987175000168817800093673    000010901                    000109010000000000000109                     I3410901     30041800000000035003410000017N200218104700000000000103004180000000000000000000000000000000000000000200000000001715MARIA DA PENHA ANASTACIA DE OL          RUA MARATUBA, 6 FUNDOS                  RICARDO DE A21620430RIO DE JANEIRO RJUNIAO UMB DOS CULTOS AFRO BRAS    30041810 000029
10231987175000168817800093673    000010718                    000107180000000000000109                     I3410718     30031800000000035003410000017N200218104700000000000103003180000000000000000000000000000000000000000100001649750714CRISTIANE JOSE DA SILVA                 AVENIDA CALOMBE                         PARQUE ELDOR25231020DUQUE DE CAXIASRJUNIAO UMB DOS CULTOS AFRO BRAS    30031810 000030
10231987175000168817800093673    000010632                    000106320000000000000109                     I3410632     30031800000000035003410000017N200218104700000000000103003180000000000000000000000000000000000000000100069279500791CLAUDIA ALONSO RODRIGUES                ESTRADA DO PAU FERRO N 851              FREGUESIA - 22745055RIO DE JANEIRO RJUNIAO UMB DOS CULTOS AFRO BRAS    30031810 000031
10231987175000168817800093673    000010606                    000106060000000000000109                     I3410606     30031800000000035003410000017N200218104700000000000103003180000000000000000000000000000000000000000100079882749704IRIS BRASILINO VILELA                   RUA SETE DE SETEMBRO N 183              CAMARI - NOV26022202NOVA IGUACU    RJUNIAO UMB DOS CULTOS AFRO BRAS    30031810 000032
10231987175000168817800093673    000010595                    000105950000000000000109                     I3410595     30031800000000035003410000017N200218104700000000000103003180000000000000000000000000000000000000000100011351878786GLEISSON BITTENCOURT DA SILVA           RUA FLORA DE ARAUJO N 310               PRATA - NOVA26010570NOVA IGUACU    RJUNIAO UMB DOS CULTOS AFRO BRAS    30031810 000033
10231987175000168817800093673    000010517                    000105170000000000000109                     I3410517     30031800000000035003410000017N200218104700000000000103003180000000000000000000000000000000000000000100003025076712MARIA QUITERIA DOS SANTOS PITA          RUA MISSIONARIO CHRISTIE N 43 B         QUISSAMA - P25615250PETROPOLIS     RJUNIAO UMB DOS CULTOS AFRO BRAS    30031810 000034
10231987175000168817800093673    000010510                    000105100000000000000109                     I3410510     30031800000000035003410000017N200218104700000000000103003180000000000000000000000000000000000000000100048672068734NOEMIA CONCEICAO DE SOUZA               ESTRADA DO CAMORIM N 926 CASA 7 FUNDOS  JACAREPAGUA 22780070RIO DE JANEIRO RJUNIAO UMB DOS CULTOS AFRO BRAS    30031810 000035
10231987175000168817800093673    000010506                    000105060000000000000109                     I3410506     06041800000000035003410000017N200218104700000000000100604180000000000000000000000000000000000000000100011640644792MARLY SERPA BORGES                      RUA VISTA ALEGRE N 12                   SANTA TERESA20251410RIO DE JANEIRO RJUNIAO UMB DOS CULTOS AFRO BRAS    06041810 000036
10231987175000168817800093673    000010497                    000104970000000000000109                     I3410497     30031800000000035003410000017N200218104700000000000103003180000000000000000000000000000000000000000100099586860768MARLECI NAVARRO DE FARIA                RUA CURUPAETI N 8 QUADRA 6              VILA VICOSA 21230075RIO DE JANEIRO RJUNIAO UMB DOS CULTOS AFRO BRAS    30031810 000037
10231987175000168817800093673    000010496                    000104960000000000000109                     I3410496     30031800000000035003410000017N200218104700000000000103003180000000000000000000000000000000000000000100001653081767DEISE SIQUEIRA                          RUA PARLON SIQUEIRA N 59 CX P 93        BARRA DE GUA23020510RIO DE JANEIRO RJUNIAO UMB DOS CULTOS AFRO BRAS    30031810 000038
10231987175000168817800093673    000010494                    000104940000000000000109                     I3410494     30031800000000035003410000017N200218104700000000000103003180000000000000000000000000000000000000000100002721212745MARILIA CLAUDIA DA SILVA CORRE          RUA DELFIM MOREIRA N 410                VILA TIRADEN25525170SAO JOAO DE MERRJUNIAO UMB DOS CULTOS AFRO BRAS    30031810 000039
10231987175000168817800093673    000010468                    000104680000000000000109                     I3410468     30031800000000035003410000017N200218104700000000000103003180000000000000000000000000000000000000000100088640809704JULIO CESAR SARAIVA PIRES               ESTRADA SANTA MAURA N 103               CURICICA - J22780170RIO DE JANEIRO RJUNIAO UMB DOS CULTOS AFRO BRAS    30031810 000040
10231987175000168817800093673    000010466                    000104660000000000000109                     I3410466     30031800000000035003410000017N200218104700000000000103003180000000000000000000000000000000000000000100001034293796LILIA NERES DE ALMEIDA                  RUA VERISSIMO MACHADO N 237             ROCHA MIRAND21542060RIO DE JANEIRO RJUNIAO UMB DOS CULTOS AFRO BRAS    30031810 000041
10231987175000168817800093673    000010251                    000102510000000000000109                     I0210251     30031800000000035003410000017N200218104700000000000103003180000000000000000000000000000000000000000100033927499749JORGE CARDOSO DE MACEDO                 RUA G, LOTE 29 QUADRA 11                GRANJA SANTA25900000PIABETA - MAGE RJUNIAO UMB DOS CULTOS AFRO BRAS    30031810 000042
10231987175000168817800093673    000010039                    000100390000000000000109                     I0210039     30031800000000035003410000017N200218104700000000000103003180000000000000000000000000000000000000000100007315512730SIDCLAY MEDEIROS DOS SANTOS             TRAVESSA ANES DIAS, 9                   SANTISSIMO -23094010RIO DE JANEIRO RJUNIAO UMB DOS CULTOS AFRO BRAS    30031810 000043
10231987175000168817800093673    00009851                     000098510000000000000109                     I029851      30031800000000035003410000017N200218104700000000000103003180000000000000000000000000000000000000000100011694897702RONIVON BASILIO TEXEIRA                 RUA PROJETADA 1, 28                     VILA MARIA H25213335DUQUE DE CAXIASRJUNIAO UMB DOS CULTOS AFRO BRAS    30031810 000044
10231987175000168817800093673    00009850                     000098500000000000000109                     I349850      30031800000000025003410000017N200218104700000000000103003180000000000000000000000000000000000000000100015744914587ARISTOCLEMILDA PEREIRA DOS SAN          RUA M, LOTE 23 QUADRA 67                VILA EMA - I25271540DUQUE DE CAXIASRJUNIAO UMB DOS CULTOS AFRO BRAS    30031810 000045
10231987175000168817800093673    00009847                     000098470000000000000109                     I349847      30031800000000035003410000017N200218104700000000000103003180000000000000000000000000000000000000000100083679472749SILVIA REGINA DE SOUZA BAPTIST          RUA  LAFAIETE JOSE MEDINA, 2            CHAPEU MANGU22010020RIO DE JANEIRO RJUNIAO UMB DOS CULTOS AFRO BRAS    30031810 000046
10231987175000168817800093673    00009844                     000098440000000000000109                     I349844      30031800000000035003410000017N200218104700000000000103003180000000000000000000000000000000000000000100080609066749ELIANE RODRIGUES PIRES                  RUA PARAMIRIM, 710                      BENTO RIBEIR21550610RIO DE JANEIRO RJUNIAO UMB DOS CULTOS AFRO BRAS    30031810 000047
10231987175000168817800093673    00009843                     000098430000000000000109                     I349843      30031800000000035003410000017N200218104700000000000103003180000000000000000000000000000000000000000100007507770796MARIA DO CARMO MENDONCA MATTOS          RUA NAMUR, 325 CASA 3                   VL VALQUEIRE21330600RIO DE JANEIRO RJUNIAO UMB DOS CULTOS AFRO BRAS    30031810 000048
10231987175000168817800093673    00009842                     000098420000000000000109                     I349842      30031800000000035003410000017N200218104700000000000103003180000000000000000000000000000000000000000100086357522791ANDRE VEIGA PEIXOTO                     ALAMEDA SAO BENTO, 43                   PARQUE SAO V26172130BELFORD ROXO   RJUNIAO UMB DOS CULTOS AFRO BRAS    30031810 000049
10231987175000168817800093673    00009840                     000098400000000000000109                     I029840      30031800000000035003410000017N200218104700000000000103003180000000000000000000000000000000000000000100050704281791JOSE CICERO ALVES DOS SANTOS            RUA PRESIDENTE CASTELO BRANCO, LOTE 3   TEIXEIRA - I23840240ITAGUAI        RJUNIAO UMB DOS CULTOS AFRO BRAS    30031810 000050
10231987175000168817800093673    00009834                     000098340000000000000109                     I349834      30031800000000035003410000017N200218104700000000000103003180000000000000000000000000000000000000000100009856785774RAQUEL APARECIDA PEREIRA FLORE          RUA FRANCISCA ESTEVAO, 362              VALENCA - RI27600000RIO DE JANEIRO RJUNIAO UMB DOS CULTOS AFRO BRAS    30031810 000051
10231987175000168817800093673    00009831                     000098310000000000000109                     I349831      30031800000000035003410000017N200218104700000000000103003180000000000000000000000000000000000000000100091126037753SHEILA DE CARVALHO ALVARES              RUA MAGALHAES CASTRO, 111 FUNDOS        RIACHUELO - 20961020RIO DE JANEIRO RJUNIAO UMB DOS CULTOS AFRO BRAS    30031810 000052
10231987175000168817800093673    00009366                     000093660000000000000109                     I349366      30031800000000035003410000017N200218104700000000000103003180000000000000000000000000000000000000000200000000001652MARIA APARECIDA DOS SANTOS CYP          ESTRADA DO SABONETE, LOTE 25 QUADRA D   ARSENAL - SA24745224SAO GONCALO    RJUNIAO UMB DOS CULTOS AFRO BRAS    30031810 000053
10231987175000168817800093673    00009331                     000093310000000000000109                     I349331      30031800000000035003410000017N200218104700000000000103003180000000000000000000000000000000000000000100076103137774VICENTE DE PAULA PEREIRA                RUA POTINGUARA, 253                     BOA ESPERANC26113720BELFORD ROXO   RJUNIAO UMB DOS CULTOS AFRO BRAS    30031810 000054
10231987175000168817800093673    00009313                     000093130000000000000109                     I349313      30031800000000035003410000017N200218104700000000000103003180000000000000000000000000000000000000000100054222141704WALMIR CARVALHO GUIMARAES               RUA BOA VIAGEM, 186 CASA                IPIRANGA - N26293591NOVA IGUACU    RJUNIAO UMB DOS CULTOS AFRO BRAS    30031810 000055
10231987175000168817800093673    00009311                     000093110000000000000109                     I349311      30031800000000035003410000017N200218104700000000000103003180000000000000000000000000000000000000000100001478169710TANIA MARIA ALVES CANEJO                RUA CAPITAO BARBOSA, 287 APTO 102       PRAIA DA BAN21921525RIO DE JANEIRO RJUNIAO UMB DOS CULTOS AFRO BRAS    30031810 000056
10231987175000168817800093673    00009274                     000092740000000000000109                     I349274      30031800000000035003410000017N200218104700000000000103003180000000000000000000000000000000000000000100000237914387JOSE EDILSON RABELO CAULA               RUA DOS INVALIDOS, 138 BL 2 APTO 908    LAPA - RJ   20231046RIO DE JANEIRO RJUNIAO UMB DOS CULTOS AFRO BRAS    30031810 000057
10231987175000168817800093673    00008250                     000082500000000000000109                     I028250      28021800000000035003410000017N291217104700000000000102802180000000000000000000000000000000000000000100007315512730SIDCLAY MEDEIROS DOS SANTOS             TRAVESSA ANES DIAS, 9                   SANTISSIMO -23094010RIO DE JANEIRO RJUNIAO UMB DOS CULTOS AFRO BRAS    28021810 000058
10231987175000168817800093673    00007229                     000072290000000000000109                     I347229      28021800000000035003410000017N271217104700000000000102802180000000000000000000000000000000000000000100079882749704IRIS BRASILINO VILELA                   RUA SETE DE SETEMBRO N 183              CAMARI - NOV26022202NOVA IGUACU    RJUNIAO UMB DOS CULTOS AFRO BRAS    28021810 000059
10231987175000168817800093673    00007123                     000071230000000000000109                     I347123      28021800000000035003410000017N271217104700000000000102802180000000000000000000000000000000000000000100053211839704ALCIONE SOUZA DOS SANTOS                RUA: MARINO FELIX Nº 26 - SEPETIBA     RIO DE JANEI23535006RIO DE JANEIRO RJUNIAO UMB DOS CULTOS AFRO BRAS    28021810 000060
10231987175000168817800093673    00006907                     000069070000000000000109                     I026907      28021800000000035003410000017N271217104700000000000102802180000000000000000000000000000000000000000100033927499749JORGE CARDOSO DE MACEDO                 RUA G, LOTE 29 QUADRA 11                GRANJA SANTA25900000PIABETA - MAGE RJUNIAO UMB DOS CULTOS AFRO BRAS    28021810 000061
10231987175000168817800093673    00006616                     000066160000000000000109                     I346616      28021800000000035003410000017N271217104700000000000102802180000000000000000000000000000000000000000100011140864793CLAUDIA THEODORO                        RUA VINTE E NOVE DE SETEMBRO, 1760      CARAMBITA - 27600000VALENCA        RJUNIAO UMB DOS CULTOS AFRO BRAS    28021810 000062
10231987175000168817800093673    00006615                     000066150000000000000109                     I026615      28021800000000035003410000017N271217104700000000000102802180000000000000000000000000000000000000000100011694897702RONIVON BASILIO TEXEIRA                 RUA PROJETADA 1, 28                     VILA MARIA H25213335DUQUE DE CAXIASRJUNIAO UMB DOS CULTOS AFRO BRAS    28021810 000063
10231987175000168817800093673    00006613                     000066130000000000000109                     I346613      28021800000000035003410000017N271217104700000000000102802180000000000000000000000000000000000000000100083679472749SILVIA REGINA DE SOUZA BAPTIST          RUA  LAFAIETE JOSE MEDINA, 2            CHAPEU MANGU22010020RIO DE JANEIRO RJUNIAO UMB DOS CULTOS AFRO BRAS    28021810 000064
10231987175000168817800093673    00006610                     000066100000000000000109                     I346610      28021800000000035003410000017N271217104700000000000102802180000000000000000000000000000000000000000100080609066749ELIANE RODRIGUES PIRES                  RUA PARAMIRIM, 710                      BENTO RIBEIR21550610RIO DE JANEIRO RJUNIAO UMB DOS CULTOS AFRO BRAS    28021810 000065
10231987175000168817800093673    00006609                     000066090000000000000109                     I026609      28021800000000035003410000017N271217104700000000000102802180000000000000000000000000000000000000000100050704281791JOSE CICERO ALVES DOS SANTOS            RUA PRESIDENTE CASTELO BRANCO, LOTE 3   TEIXEIRA - I23840240ITAGUAI        RJUNIAO UMB DOS CULTOS AFRO BRAS    28021810 000066
10231987175000168817800093673    00006282                     000062820000000000000109                     I346282      28021800000000035003410000017N271217104700000000000102802180000000000000000000000000000000000000000200000000001656ZUILA DE MELO E SILVA COVA              RUA TAMOIOS, 71 APTO 201                SAO FRANCISC24360380NITEROI        RJUNIAO UMB DOS CULTOS AFRO BRAS    28021810 000067
10231987175000168817800093673    00005979                     000059790000000000000109                     I345979      31011800000000035003410000017N261217104700000000000103101180000000000000000000000000000000000000000100079882749704IRIS BRASILINO VILELA                   RUA SETE DE SETEMBRO N 183              CAMARI - NOV26022202NOVA IGUACU    RJUNIAO UMB DOS CULTOS AFRO BRAS    31011810 000068
10231987175000168817800093673    00005894                     000058940000000000000109                     I345894      31011800000000035003410000017N261217104700000000000103101180000000000000000000000000000000000000000100058101543791JANETE BARBOSA FERREIRA                 O MESMO                                 O MESMO     26127380BELFORD ROXO   RJUNIAO UMB DOS CULTOS AFRO BRAS    31011810 000069
10231987175000168817800093673    00005881                     000058810000000000000109                     I345881      31011800000000035003410000017N261217104700000000000103101180000000000000000000000000000000000000000100011640644792MARLY SERPA BORGES                      RUA VISTA ALEGRE N 12                   SANTA TERESA20251410RIO DE JANEIRO RJUNIAO UMB DOS CULTOS AFRO BRAS    31011810 000070
10231987175000168817800093673    00005873                     000058730000000000000109                     I345873      31011800000000035003410000017N261217104700000000000103101180000000000000000000000000000000000000000100053211839704ALCIONE SOUZA DOS SANTOS                RUA: MARINO FELIX Nº 26 - SEPETIBA     RIO DE JANEI23535006RIO DE JANEIRO RJUNIAO UMB DOS CULTOS AFRO BRAS    31011810 000071
10231987175000168817800093673    00005657                     000056570000000000000109                     I025657      31011800000000035003410000017N261217104700000000000103101180000000000000000000000000000000000000000100033927499749JORGE CARDOSO DE MACEDO                 RUA G, LOTE 29 QUADRA 11                GRANJA SANTA25900000PIABETA - MAGE RJUNIAO UMB DOS CULTOS AFRO BRAS    31011810 000072
10231987175000168817800093673    00005365                     000053650000000000000109                     I025365      31011800000000035003410000017N261217104700000000000103101180000000000000000000000000000000000000000100011694897702RONIVON BASILIO TEXEIRA                 RUA PROJETADA 1, 28                     VILA MARIA H25213335DUQUE DE CAXIASRJUNIAO UMB DOS CULTOS AFRO BRAS    31011810 000073
10231987175000168817800093673    00005363                     000053630000000000000109                     I345363      31011800000000035003410000017N261217104700000000000103101180000000000000000000000000000000000000000100083679472749SILVIA REGINA DE SOUZA BAPTIST          RUA  LAFAIETE JOSE MEDINA, 2            CHAPEU MANGU22010020RIO DE JANEIRO RJUNIAO UMB DOS CULTOS AFRO BRAS    31011810 000074
10231987175000168817800093673    00005359                     000053590000000000000109                     I025359      31011800000000035003410000017N261217104700000000000103101180000000000000000000000000000000000000000100050704281791JOSE CICERO ALVES DOS SANTOS            RUA PRESIDENTE CASTELO BRANCO, LOTE 3   TEIXEIRA - I23840240ITAGUAI        RJUNIAO UMB DOS CULTOS AFRO BRAS    31011810 000075
10231987175000168817800093673    00005355                     000053550000000000000109                     I345355      31011800000000035003410000017N261217104700000000000103101180000000000000000000000000000000000000000200000000010241LUIZ CLAUDIO TEIXEIRA ALUIZIO           RUA ALBERTO SOARES SAMPAIO, 430 FUNDOS  TAQUARA - JA22715300RIO DE JANEIRO RJUNIAO UMB DOS CULTOS AFRO BRAS    31011810 000076
10231987175000168817800093673    00005032                     000050320000000000000109                     I345032      31011800000000035003410000017N261217104700000000000103101180000000000000000000000000000000000000000200000000001656ZUILA DE MELO E SILVA COVA              RUA TAMOIOS, 71 APTO 201                SAO FRANCISC24360380NITEROI        RJUNIAO UMB DOS CULTOS AFRO BRAS    31011810 000077
10231987175000168817800093673    00005021                     000050210000000000000109                     I345021      31011800000000035003410000017N261217104700000000000103101180000000000000000000000000000000000000000200000000001652MARIA APARECIDA DOS SANTOS CYP          ESTRADA DO SABONETE, LOTE 25 QUADRA D   ARSENAL - SA24745224SAO GONCALO    RJUNIAO UMB DOS CULTOS AFRO BRAS    31011810 000078
9                                                                                                                                                                                                                                                                                                                                                                                                         000079
