01REMESSA01COBRANCA       817800093673        União Umb dos Cultos Afro Bra341BANCO ITAU SA  150318                                                                                                                                                                                                                                                                                                      000001
10231987175000168817800093673    000013859                    000138590000000000000109                     I0213859     30051800000000035003410000017N200218104700000000000103005180000000000000000000000000000000000000000100012993228257ANDREIA CRISTINA VICENTE                RUA CORONEL CARLOS MATOS                PARQUE JOAO 25030140DUQUE DE CAXIASRJUNIAO UMB DOS CULTOS AFRO BRAS    30051810 000002
10231987175000168817800093673    000012908                    000129080000000000000109                     I0212908     30051800000000035003410000017N200218104700000000000103005180000000000000000000000000000000000000000200000000009287THIAGO BARBOSA DA SILVA                 RUA PEDRO DOMINGUES, 52 CASA 1          ENCANTADO - 20756080RIO DE JANEIRO RJUNIAO UMB DOS CULTOS AFRO BRAS    30051810 000003
10231987175000168817800093673    000012639                    000126390000000000000109                     I0212639     30051800000000035003410000017N200218104700000000000103005180000000000000000000000000000000000000000100082335400720PAULO FONSECA DA SILVA                  RUA DAS CAMELIAS LOTE 24 E 25 QUADRA 10 SANTO ANTONI25235108RIO DE JANEIRO RJUNIAO UMB DOS CULTOS AFRO BRAS    30051810 000004
10231987175000168817800093673    000012426                    000124260000000000000109                     I0212426     30051800000000035003410000017N200218104700000000000103005180000000000000000000000000000000000000000100037019449700CELIA REGINA OLIVEIRA DOS SANT          RUA  MINISTRO ARTHUR COSTA, 1283        JARDIM AMERI21240120RIO DE JANEIRO RJUNIAO UMB DOS CULTOS AFRO BRAS    30051810 000005
10231987175000168817800093673    000012250                    000122500000000000000109                     I0212250     30041800000000035003410000017N200218104700000000000103004180000000000000000000000000000000000000000100012993228257ANDREIA CRISTINA VICENTE                RUA CORONEL CARLOS MATOS                PARQUE JOAO 25030140DUQUE DE CAXIASRJUNIAO UMB DOS CULTOS AFRO BRAS    30041810 000006
10231987175000168817800093673    000011299                    000112990000000000000109                     I0211299     30041800000000035003410000017N200218104700000000000103004180000000000000000000000000000000000000000200000000009287THIAGO BARBOSA DA SILVA                 RUA PEDRO DOMINGUES, 52 CASA 1          ENCANTADO - 20756080RIO DE JANEIRO RJUNIAO UMB DOS CULTOS AFRO BRAS    30041810 000007
10231987175000168817800093673    000011030                    000110300000000000000109                     I0211030     30041800000000035003410000017N200218104700000000000103004180000000000000000000000000000000000000000100082335400720PAULO FONSECA DA SILVA                  RUA DAS CAMELIAS LOTE 24 E 25 QUADRA 10 SANTO ANTONI25235108RIO DE JANEIRO RJUNIAO UMB DOS CULTOS AFRO BRAS    30041810 000008
10231987175000168817800093673    000010817                    000108170000000000000109                     I0210817     30041800000000035003410000017N200218104700000000000103004180000000000000000000000000000000000000000100037019449700CELIA REGINA OLIVEIRA DOS SANT          RUA  MINISTRO ARTHUR COSTA, 1283        JARDIM AMERI21240120RIO DE JANEIRO RJUNIAO UMB DOS CULTOS AFRO BRAS    30041810 000009
10231987175000168817800093673    000010641                    000106410000000000000109                     I0210641     30031800000000035003410000017N200218104700000000000103003180000000000000000000000000000000000000000100012993228257ANDREIA CRISTINA VICENTE                RUA CORONEL CARLOS MATOS                PARQUE JOAO 25030140DUQUE DE CAXIASRJUNIAO UMB DOS CULTOS AFRO BRAS    30031810 000010
10231987175000168817800093673    000010584                    000105840000000000000109                     I3410584     30031800000000035003410000017N200218104700000000000103003180000000000000000000000000000000000000000100068373570772RONILCE CAMILO DA SILVA                 RUA RUBY ALBERTORIA N 2 - GERENCIANO    GERENCIANO -26061155NVOA IGUACU    RJUNIAO UMB DOS CULTOS AFRO BRAS    30031810 000011
10231987175000168817800093673    000010472                    000104720000000000000109                     I3410472     30031800000000035003410000017N200218104700000000000103003180000000000000000000000000000000000000000100002362714748MAGLENE GOMES ARAUJO                    RUA TENENTE PINTO DUARTE N 36           BENTO RIBEIR21550370RIO DE JANEIRO RJUNIAO UMB DOS CULTOS AFRO BRAS    30031810 000012
10231987175000168817800093673    00009767                     000097670000000000000109                     I349767      30031800000000035003410000017N200218104700000000000103003180000000000000000000000000000000000000000100060856467715JANAINA COELHO MELO                     O MESMO                                 O MESMO     21361420RIO DE JANEIRO RJUNIAO UMB DOS CULTOS AFRO BRAS    30031810 000013
10231987175000168817800093673    00009690                     000096900000000000000109                     I029690      30031800000000035003410000017N200218104700000000000103003180000000000000000000000000000000000000000200000000009287THIAGO BARBOSA DA SILVA                 RUA PEDRO DOMINGUES, 52 CASA 1          ENCANTADO - 20756080RIO DE JANEIRO RJUNIAO UMB DOS CULTOS AFRO BRAS    30031810 000014
10231987175000168817800093673    00009482                     000094820000000000000109                     I349482      30031800000000035003410000017N200218104700000000000103003180000000000000000000000000000000000000000100002344767703ROSINETE FERREIRA CAMARGO               O MESMO                                 O MESMO     22733130RIO DE JANEIRO RJUNIAO UMB DOS CULTOS AFRO BRAS    30031810 000015
10231987175000168817800093673    00009451                     000094510000000000000109                     I349451      30031800000000035003410000017N200218104700000000000103003180000000000000000000000000000000000000000100002065913738ROBSON DE FARIA TORRES                  RUA CAPITAO AROLDO LEITAO Nº 54 FUNDOS OLARIA - RJ 21071050RIO DE JANEIRO RJUNIAO UMB DOS CULTOS AFRO BRAS    30031810 000016
10231987175000168817800093673    00009421                     000094210000000000000109                     I029421      30031800000000035003410000017N200218104700000000000103003180000000000000000000000000000000000000000100082335400720PAULO FONSECA DA SILVA                  RUA DAS CAMELIAS LOTE 24 E 25 QUADRA 10 SANTO ANTONI25235108RIO DE JANEIRO RJUNIAO UMB DOS CULTOS AFRO BRAS    30031810 000017
10231987175000168817800093673    00009208                     000092080000000000000109                     I029208      30031800000000035003410000017N200218104700000000000103003180000000000000000000000000000000000000000100037019449700CELIA REGINA OLIVEIRA DOS SANT          RUA  MINISTRO ARTHUR COSTA, 1283        JARDIM AMERI21240120RIO DE JANEIRO RJUNIAO UMB DOS CULTOS AFRO BRAS    30031810 000018
10231987175000168817800093673    00007997                     000079970000000000000109                     I027997      28021800000000035003410000017N291217104700000000000102802180000000000000000000000000000000000000000100082335400720PAULO FONSECA DA SILVA                  RUA DAS CAMELIAS LOTE 24 E 25 QUADRA 10 SANTO ANTONI25235108RIO DE JANEIRO RJUNIAO UMB DOS CULTOS AFRO BRAS    28021810 000019
10231987175000168817800093673    00007264                     000072640000000000000109                     I027264      28021800000000035003410000017N271217104700000000000102802180000000000000000000000000000000000000000100012993228257ANDREIA CRISTINA VICENTE                RUA CORONEL CARLOS MATOS                PARQUE JOAO 25030140DUQUE DE CAXIASRJUNIAO UMB DOS CULTOS AFRO BRAS    28021810 000020
10231987175000168817800093673    00007260                     000072600000000000000109                     I027260      28021800000000035003410000017N271217104700000000000102802180000000000000000000000000000000000000000100009416663794IGOR DO NASCIMENTO RODRIGUES            RUA FIGUEIREDO ROCHA N 665              VIGARIO GERA21240660RIO DE JANEIRO RJUNIAO UMB DOS CULTOS AFRO BRAS    28021810 000021
10231987175000168817800093673    00007095                     000070950000000000000109                     I027095      28021800000000035003410000017N271217104700000000000102802180000000000000000000000000000000000000000100002362714748MAGLENE GOMES ARAUJO                    RUA TENENTE PINTO DUARTE N 36           BENTO RIBEIR21550370RIO DE JANEIRO RJUNIAO UMB DOS CULTOS AFRO BRAS    28021810 000022
10231987175000168817800093673    00006972                     000069720000000000000109                     I026972      28021800000000035003410000017N271217104700000000000102802180000000000000000000000000000000000000000100082977852700ISAURA FERNANDES FERREIRA               RUA DENVER, LOTE 23 QUADRA 15           PIAM - BELFO26115590BELFORD ROXO   RJUNIAO UMB DOS CULTOS AFRO BRAS    28021810 000023
10231987175000168817800093673    00006560                     000065600000000000000109                     I026560      28021800000000035003410000017N271217104700000000000102802180000000000000000000000000000000000000000100060856467715JANAINA COELHO MELO                     O MESMO                                 O MESMO     21361420RIO DE JANEIRO RJUNIAO UMB DOS CULTOS AFRO BRAS    28021810 000024
10231987175000168817800093673    00006357                     000063570000000000000109                     I346357      28021800000000035003410000017N271217104700000000000102802180000000000000000000000000000000000000000100002344767703ROSINETE FERREIRA CAMARGO               O MESMO                                 O MESMO     22733130RIO DE JANEIRO RJUNIAO UMB DOS CULTOS AFRO BRAS    28021810 000025
10231987175000168817800093673    00006334                     000063340000000000000109                     I346334      28021800000000035003410000017N271217104700000000000102802180000000000000000000000000000000000000000100002065913738ROBSON DE FARIA TORRES                  RUA CAPITAO AROLDO LEITAO Nº 54 FUNDOS OLARIA - RJ 21071050RIO DE JANEIRO RJUNIAO UMB DOS CULTOS AFRO BRAS    28021810 000026
10231987175000168817800093673    00006115                     000061150000000000000109                     I026115      28021800000000035003410000017N271217104700000000000102802180000000000000000000000000000000000000000100003388076758ROSALINA MARIA NEVES                    RUA LAURINDO FILHO, 199 CASA 6          CASCADURA - 21370260RIO DE JANEIRO RJUNIAO UMB DOS CULTOS AFRO BRAS    28021810 000027
10231987175000168817800093673    00006014                     000060140000000000000109                     I026014      31011800000000035003410000017N261217104700000000000103101180000000000000000000000000000000000000000100012993228257ANDREIA CRISTINA VICENTE                RUA CORONEL CARLOS MATOS                PARQUE JOAO 25030140DUQUE DE CAXIASRJUNIAO UMB DOS CULTOS AFRO BRAS    31011810 000028
10231987175000168817800093673    00005722                     000057220000000000000109                     I025722      31011800000000035003410000017N261217104700000000000103101180000000000000000000000000000000000000000100082977852700ISAURA FERNANDES FERREIRA               RUA DENVER, LOTE 23 QUADRA 15           PIAM - BELFO26115590BELFORD ROXO   RJUNIAO UMB DOS CULTOS AFRO BRAS    31011810 000029
10231987175000168817800093673    00005310                     000053100000000000000109                     I025310      31011800000000035003410000017N261217104700000000000103101180000000000000000000000000000000000000000100060856467715JANAINA COELHO MELO                     O MESMO                                 O MESMO     21361420RIO DE JANEIRO RJUNIAO UMB DOS CULTOS AFRO BRAS    31011810 000030
10231987175000168817800093673    00005107                     000051070000000000000109                     I345107      31011800000000035003410000017N261217104700000000000103101180000000000000000000000000000000000000000100002344767703ROSINETE FERREIRA CAMARGO               O MESMO                                 O MESMO     22733130RIO DE JANEIRO RJUNIAO UMB DOS CULTOS AFRO BRAS    31011810 000031
10231987175000168817800093673    00004865                     000048650000000000000109                     I024865      31011800000000035003410000017N261217104700000000000103101180000000000000000000000000000000000000000100003388076758ROSALINA MARIA NEVES                    RUA LAURINDO FILHO, 199 CASA 6          CASCADURA - 21370260RIO DE JANEIRO RJUNIAO UMB DOS CULTOS AFRO BRAS    31011810 000032
10231987175000168817800093673    00001567                     000015670000000000000109                     I341567      20121700000000340003410000017N251017104700000000000102012170000000000000000000000000000000000000000100037019449700CELIA REGINA OLIVEIRA DOS SANT          RUA  MINISTRO ARTHUR COSTA, 1283        JARDIM AMERI21240120RIO DE JANEIRO RJUNIAO UMB DOS CULTOS AFRO BRAS    20121710 000033
10231987175000168817800093673    00001183                     000011830000000000000109                     I341183      20121700000000340003410000017N241017104700000000000102012170000000000000000000000000000000000000000100082335400720PAULO FONSECA DA SILVA                  RUA DAS CAMELIAS LOTE 24 E 25 QUADRA 10 SANTO ANTONI25235108RIO DE JANEIRO RJUNIAO UMB DOS CULTOS AFRO BRAS    20121710 000034
10231987175000168817800093673    0000571                      000005710000000000000109                     I02571       20121700000000400003410000017N101017104700000000000102012170000000000000000000000000000000000000000100007682577789CLAUDIA CRISTINA CARVALHO AREA          RUA ALFAZEMA, 91 CASA 1                 PADRE MIGUEL21720360RIO DE JANEIRO RJUNIAO UMB DOS CULTOS AFRO BRAS    20121710 000035
9                                                                                                                                                                                                                                                                                                                                                                                                         000036
