01REMESSA01COBRANCA       817800093673        União Umb dos Cultos Afro Bra341BANCO ITAU SA  120118                                                                                                                                                                                                                                                                                                      000001
10231987175000168817800093673    00009016                     000090160000000000000109                     I019016      10021800000000300003410000017N110118050900000000000101002180000000000000000000000000000000000000000100001011350769SONIA REGINA DA CONCEICAO               RUA: COMANDANTE MINERVINO               LARGO DA BAT24315215NITEROI        RJUNIAO UMB DOS CULTOS AFRO BRAS    10021810 000002
10231987175000168817800093673    00009015                     000090150000000000000109                     I029015      28021800000000035003410000017N110118050900000000000102802180000000000000000000000000000000000000000100001011350769SONIA REGINA DA CONCEICAO               RUA: COMANDANTE MINERVINO               LARGO DA BAT24315215NITEROI        RJUNIAO UMB DOS CULTOS AFRO BRAS    28021810 000003
10231987175000168817800093673    00009014                     000090140000000000000109                     I019014      28021800000000035003410000017N110118050900000000000102802180000000000000000000000000000000000000000100001162883707SUNEY MENEZES MACHADO                   ESTRADA: DO ENCANAMENTO                 BARBADO - CA23060000RIO DE JANEIRO RJUNIAO UMB DOS CULTOS AFRO BRAS    28021810 000004
10231987175000168817800093673    00009013                     000090130000000000000109                     I019013      31011800000000070003410000017N110118050900000000000103101180000000000000000000000000000000000000000100005361904708VANESSA SANTIAGO DE AZEVEDO BA          AVENIDA PASTOR MARTIN LUTHERKING JR N 64VICENTE DE C21371310RIO DE JANEIRO RJUNIAO UMB DOS CULTOS AFRO BRAS    31011810 000005
10231987175000168817800093673    00009012                     000090120000000000000109                     I019012      15011800000000340003410000017N110118050900000000000101501180000000000000000000000000000000000000000100009488185732RODRIGO MARTINS DE ANDRADE              RUA SAO CARLOS, 441                     ESTACIO - RJ20250052RIO DE JANEIRO RJUNIAO UMB DOS CULTOS AFRO BRAS    15011810 000006
10231987175000168817800093673    00007967                     000079670000000000000109                     I027967      28021800000000035003410000017N291217050900000000000102802180000000000000000000000000000000000000000100050470809787MARIA LUIZA OLIVEIRA MAGALHAES          RUA: ARAUANA                            NOVO ELDORAD26150350BELFORD ROXO   RJUNIAO UMB DOS CULTOS AFRO BRAS    28021810 000007
10231987175000168817800093673    00006395                     000063950000000000000109                     I016395      28021800000000035003410000017N271217050900000000000102802180000000000000000000000000000000000000000100003737351708TANIA PAULA DOS SANTOS                  RUA PREFEITO JOAO CARLOS VITAL, 80      SEPETIBA - R23540041RIO DE JANEIRO RJUNIAO UMB DOS CULTOS AFRO BRAS    28021810 000008
10231987175000168817800093673    00006394                     000063940000000000000109                     I016394      28021800000000035003410000017N271217050900000000000102802180000000000000000000000000000000000000000100001057873705ADEMIR ANDRADE CUNHA                    RUA PACHECO DA ROCHA N 636              BENTO RIBEIR21555092RIO DE JANEIRO RJUNIAO UMB DOS CULTOS AFRO BRAS    28021810 000009
10231987175000168817800093673    00006393                     000063930000000000000109                     I016393      28021800000000035003410000017N271217050900000000000102802180000000000000000000000000000000000000000100039341887704NORMA AYRES DA SILVA                    RUA VALENCA, 245                        BAR DOS CAVA25015590DUQUE DE CAXIASRJUNIAO UMB DOS CULTOS AFRO BRAS    28021810 000010
10231987175000168817800093673    00006392                     000063920000000000000109                     I016392      28021800000000035003410000017N271217050900000000000102802180000000000000000000000000000000000000000100011208480758MARIA ANTONIA KIFFER CORREA             AVENIDA MARECHAL HERMES, 1060           VILA SAO LUI25065115DUQUE DE CAXIASRJUNIAO UMB DOS CULTOS AFRO BRAS    28021810 000011
10231987175000168817800093673    00006391                     000063910000000000000109                     I016391      28021800000000035003410000017N271217050900000000000102802180000000000000000000000000000000000000000100088469212753NEIDE CARVALHO D ANGELO                 RUA GENERAL TRAUMATURGO, LOTE 17 QUADRA VILA ROSARIO25040010DUQUE DE CAXIASRJUNIAO UMB DOS CULTOS AFRO BRAS    28021810 000012
10231987175000168817800093673    00006377                     000063770000000000000109                     I016377      28021800000000035003410000017N271217050900000000000102802180000000000000000000000000000000000000000100022023461715SAULO EMMANUEL FERREIRA GUEDES          AVENIDA VICENTE DE CARVALHO, 1431 BLOCO VICENTE DE C21210003RIO DE JANEIRO RJUNIAO UMB DOS CULTOS AFRO BRAS    28021810 000013
10231987175000168817800093673    00006376                     000063760000000000000109                     I016376      28021800000000035003410000017N271217050900000000000102802180000000000000000000000000000000000000000100041216989753CARMEM VIANA DE JESUS                   RUA DAS TULIPAS, LOTE 4 A QUADRA 5      CIDADE DOS M25235040DUQUE DE CAXIASRJUNIAO UMB DOS CULTOS AFRO BRAS    28021810 000014
10231987175000168817800093673    00006375                     000063750000000000000109                     I016375      28021800000000035003410000017N271217050900000000000102802180000000000000000000000000000000000000000100081478143720JOAO BATISTA MARQUES                    RUA: DIONEIA Nº 15 - ROCINHA / GAVEA /RTEM BOLETA 422451330RIO DE JANEIRO RJUNIAO UMB DOS CULTOS AFRO BRAS    28021810 000015
10231987175000168817800093673    00006373                     000063730000000000000109                     I016373      28021800000000035003410000017N271217050900000000000102802180000000000000000000000000000000000000000100000675108764MARIA CRISTINA SANTOS GENEROSO          RUA  APODI, LOTE 4 QUADRA 47            PARQUE  SUEC26187300BELFORD ROXO   RJUNIAO UMB DOS CULTOS AFRO BRAS    28021810 000016
10231987175000168817800093673    00006372                     000063720000000000000109                     I016372      28021800000000035003410000017N271217050900000000000102802180000000000000000000000000000000000000000100063538369704VERA LUCIA SOARES CONCEICAO DE          RUA CARALUNA, 35                        GUARATIBA - 23032070RIO DE JANEIRO RJUNIAO UMB DOS CULTOS AFRO BRAS    28021810 000017
10231987175000168817800093673    00006268                     000062680000000000000109                     I016268      28021800000000035003410000017N271217050900000000000102802180000000000000000000000000000000000000000100038268264772SANDRA NUNES DE ARAUJO                  O MESMO                                 O MESMO     25041060DUQUE DE CAXIASRJUNIAO UMB DOS CULTOS AFRO BRAS    28021810 000018
10231987175000168817800093673    00006267                     000062670000000000000109                     I016267      28021800000000035003410000017N271217050900000000000102802180000000000000000000000000000000000000000100007832334770MARCELO COSTA DE OLIVEIRA               O MESMO                                 O MESMO     22750310RIO DE JANEIRO RJUNIAO UMB DOS CULTOS AFRO BRAS    28021810 000019
10231987175000168817800093673    00006266                     000062660000000000000109                     I016266      28021800000000035003410000017N271217050900000000000102802180000000000000000000000000000000000000000100003002602117MARCELO DE OLIVEIRA PINHO               O MESMO                                 O MESMO     26066640NOVA IGUACU    RJUNIAO UMB DOS CULTOS AFRO BRAS    28021810 000020
10231987175000168817800093673    00006265                     000062650000000000000109                     I016265      28021800000000035003410000017N271217050900000000000102802180000000000000000000000000000000000000000100001087376750ALAN RICARDO DA CONCEICAO GAMA          O MESMO                                 O MESMO     22783116RIO DE JANEIRO RJUNIAO UMB DOS CULTOS AFRO BRAS    28021810 000021
10231987175000168817800093673    00006263                     000062630000000000000109                     I016263      28021800000000035003410000017N271217050900000000000102802180000000000000000000000000000000000000000100004279924783EDUARDO CARVALHO DE SANTANNA            RUA CINCO N 778                         NOVA CAMPINA25268050DUQUE DE CAXIASRJUNIAO UMB DOS CULTOS AFRO BRAS    28021810 000022
10231987175000168817800093673    00006262                     000062620000000000000109                     I016262      28021800000000035003410000017N271217050900000000000102802180000000000000000000000000000000000000000100049135570768CLEBER SILVA DE FREITAS                 RUA COBE N 1275                         RIO DA PRATA21820200BANGU          RJUNIAO UMB DOS CULTOS AFRO BRAS    28021810 000023
10231987175000168817800093673    00006261                     000062610000000000000109                     I016261      28021800000000035003410000017N271217050900000000000102802180000000000000000000000000000000000000000100007926184756LUCIANO FERREIRA DE SOUZA               ESTRADA DO PORTO VELHO N 311 CASA 4 A   CORDOVIL - R21012140RIO DE JANEIRO RJUNIAO UMB DOS CULTOS AFRO BRAS    28021810 000024
10231987175000168817800093673    00006260                     000062600000000000000109                     I016260      28021800000000035003410000017N271217050900000000000102802180000000000000000000000000000000000000000100065213696791SILVIA ELIZABETE RODRIGUES              RUA JOAO BITTENCOURT, 286               EDSON PASSOS26240510MESQUITA       RJUNIAO UMB DOS CULTOS AFRO BRAS    28021810 000025
10231987175000168817800093673    00006228                     000062280000000000000109                     I016228      28021800000000035003410000017N271217050900000000000102802180000000000000000000000000000000000000000100036920940787MARIA DE FATIMA PREFEITO DOS S          RUA  IPEUVA, 81                         BRAS DE PINA21215400RIO DE JANEIRO RJUNIAO UMB DOS CULTOS AFRO BRAS    28021810 000026
10231987175000168817800093673    00006227                     000062270000000000000109                     I016227      28021800000000035003410000017N271217050900000000000102802180000000000000000000000000000000000000000100007331881760COSMA MARIA DE MELO - BENTO SE          RUA PULMERANIA LOTE 16 QUADRA 27 (ANTIGAPARQUE MODER25023070DUQUE DE CAXIASRJUNIAO UMB DOS CULTOS AFRO BRAS    28021810 000027
10231987175000168817800093673    00006226                     000062260000000000000109                     I016226      28021800000000035003410000017N271217050900000000000102802180000000000000000000000000000000000000000100000330025767NUBIA VIRGINIA DE ANDRADE MAGA          O MESMO                                 O MESMO     23573100RIO DE JANEIRO RJUNIAO UMB DOS CULTOS AFRO BRAS    28021810 000028
10231987175000168817800093673    00006223                     000062230000000000000109                     I016223      28021800000000035003410000017N271217050900000000000102802180000000000000000000000000000000000000000100003351761783CLAUDIA LUZIA PEREIRA                   O MESMO                                 O MESMO     26187495BELFORD ROXO   RJUNIAO UMB DOS CULTOS AFRO BRAS    28021810 000029
10231987175000168817800093673    00006222                     000062220000000000000109                     I016222      28021800000000035003410000017N271217050900000000000102802180000000000000000000000000000000000000000100092410480772JOSE LIMA DA SILVA                      RUA: JURANDIR LIMA Nº 40 - SANTA RITA /NOVA IGUACU 26051040NOVA IGUACU    RJUNIAO UMB DOS CULTOS AFRO BRAS    28021810 000030
10231987175000168817800093673    00006221                     000062210000000000000109                     I016221      28021800000000035003410000017N271217050900000000000102802180000000000000000000000000000000000000000100001411697707FERNANDO CRUZ DE OLIVEIRA               RUA IBIRAPUITA N 328                    ROCHA MIRAND21510200RIO DE JANEIRO RJUNIAO UMB DOS CULTOS AFRO BRAS    28021810 000031
10231987175000168817800093673    00006220                     000062200000000000000109                     I016220      28021800000000035003410000017N271217050900000000000102802180000000000000000000000000000000000000000100055177182720VALNEI FERNANDES DA SILVA               RUA DOUTOR JOSE MANOEL N 262            SANTA CATARI24420070SAO GONCALO    RJUNIAO UMB DOS CULTOS AFRO BRAS    28021810 000032
10231987175000168817800093673    00006213                     000062130000000000000109                     I016213      28021800000000035003410000017N271217050900000000000102802180000000000000000000000000000000000000000100069085986753CARMEM PIRES DE SOUZA                   RUA PRAIA DE BOTAFOGO N 460 APT 1138    BOTAFOGO - R22250040RIO DE JANEIRO RJUNIAO UMB DOS CULTOS AFRO BRAS    28021810 000033
10231987175000168817800093673    00006212                     000062120000000000000109                     I026212      28021800000000035003410000017N271217050900000000000102802180000000000000000000000000000000000000000100019685726787ADELMIR HAMELIN SODRE                   RUA JOAQUIM DE SOUSA, 311 FUNDOS        ROCHA MIRAND21540370RIO DE JANEIRO RJUNIAO UMB DOS CULTOS AFRO BRAS    28021810 000034
10231987175000168817800093673    00006211                     000062110000000000000109                     I016211      28021800000000035003410000017N271217050900000000000102802180000000000000000000000000000000000000000100047613165787ANA SUELI DA GAMA GLORIA                RUA DAMAS BATISTA N 902                 JARDIM TROPI26011010NOVA IGUACU    RJUNIAO UMB DOS CULTOS AFRO BRAS    28021810 000035
10231987175000168817800093673    00006210                     000062100000000000000109                     I016210      28021800000000035003410000017N271217050900000000000102802180000000000000000000000000000000000000000100044188269715SEBASTIANA SOUZA SANTOS                 RUA ARI BARROSO N 193                   JARDIM LUCIA26050410NOVA IGUACU    RJUNIAO UMB DOS CULTOS AFRO BRAS    28021810 000036
10231987175000168817800093673    00006093                     000060930000000000000109                     I016093      28021800000000035003410000017N271217050900000000000102802180000000000000000000000000000000000000000100001411422783ANITA ANTONIA DOS REIS                  RUA SEABRA SOBRINHO, 413                CENTENARIO -25030190DUQUE DE CAXIASRJUNIAO UMB DOS CULTOS AFRO BRAS    28021810 000037
10231987175000168817800093673    00006092                     000060920000000000000109                     I016092      28021800000000035003410000017N271217050900000000000102802180000000000000000000000000000000000000000100053768175715DAMIANA MARTINS DA SILVA                RUA ARABORI, 262                        ROCHA MIRAND21545120RIO DE JANEIRO RJUNIAO UMB DOS CULTOS AFRO BRAS    28021810 000038
10231987175000168817800093673    00006091                     000060910000000000000109                     I016091      28021800000000035003410000017N271217050900000000000102802180000000000000000000000000000000000000000100003761710739ALMIRA DE SOUZA SANTOS                  RUA CARMELITA DE JESUS, LOTE 6 QUADRA 3 ELISA MARIA 23076440RIO DE JANEIRO RJUNIAO UMB DOS CULTOS AFRO BRAS    28021810 000039
10231987175000168817800093673    00006090                     000060900000000000000109                     I016090      28021800000000035003410000017N271217050900000000000102802180000000000000000000000000000000000000000100090882687700JUCIARA DE SOUZA CAMPOS                 RUA DEMOSTENES, 116                     JARDIM GLAUC26195500BELFORD ROXO   RJUNIAO UMB DOS CULTOS AFRO BRAS    28021810 000040
10231987175000168817800093673    00005244                     000052440000000000000109                     I025244      31011800000000035003410000017N261217050900000000000103101180000000000000000000000000000000000000000100058098445704ARLETE DA SILVA BARBOSA FRANCO          RUA DOUTOR MUNIZ, 71                    ROCHA SOBRIN26130020BELFORD ROXO   RJUNIAO UMB DOS CULTOS AFRO BRAS    31011810 000041
10231987175000168817800093673    00004962                     000049620000000000000109                     I024962      31011800000000035003410000017N261217050900000000000103101180000000000000000000000000000000000000000100019685726787ADELMIR HAMELIN SODRE                   RUA JOAQUIM DE SOUSA, 311 FUNDOS        ROCHA MIRAND21540370RIO DE JANEIRO RJUNIAO UMB DOS CULTOS AFRO BRAS    31011810 000042
10231987175000168817800093673    00001320                     000013200000000000000109                     I011320      20121700000000340003410000017N241017050900000000000102012170000000000000000000000000000000000000000100075890801791ELENIRA FELICIO DE SOUZA                AVENIDA LEANDRO DA MOTA, 838 - CHACRINHAVL S SEBASTI25065175DUQUE DE CAXIASRJUNIAO UMB DOS CULTOS AFRO BRAS    20121710 000043
10231987175000168817800093673    0000697                      000006970000000000000109                     I34697       20121700000000300003410000017N171017050900000000000102012170000000000000000000000000000000000000000100050470809787MARIA LUIZA OLIVEIRA MAGALHAES          RUA: ARAUANA                            NOVO ELDORAD26150350BELFORD ROXO   RJUNIAO UMB DOS CULTOS AFRO BRAS    20121710 000044
10231987175000168817800093673    0000401                      000004010000000000000109                     I02401       20121700000000340003410000017N101017050900000000000102012170000000000000000000000000000000000000000100009488185732RODRIGO MARTINS DE ANDRADE              RUA SAO CARLOS, 441                     ESTACIO - RJ20250052RIO DE JANEIRO RJUNIAO UMB DOS CULTOS AFRO BRAS    20121710 000045
9                                                                                                                                                                                                                                                                                                                                                                                                         000046
