01REMESSA01COBRANCA       916200163100        União Umb dos Cultos Afro Bra341BANCO ITAU SA  290118                                                                                                                                                                                                                                                                                                      000001
10231987175000168916200163100    00008919                     000089190000000000000109                     I028919      31011800000000035003410000017N020118104700000000000103101180000000000000000000000000000000000000000100001456619705ROSANGELA DAMASCENO                     AVENIDA RAUL BARROS VIEIRA, 120         BANGU - RJ  21864230RIO DE JANEIRO RJUNIAO UMB DOS CULTOS AFRO BRAS    31011810 000002
10231987175000168916200163100    00008877                     000088770000000000000109                     I028877      31011800000000035003410000017N020118104700000000000103101180000000000000000000000000000000000000000100005569373764VIVIANE DA SILVA MERIADE DUART          RUA ARISTIDES LOBO N 44 APT 401         RIO COMPRIDO20150450RIO DE JANEIRO RJUNIAO UMB DOS CULTOS AFRO BRAS    31011810 000003
10231987175000168916200163100    00008699                     000086990000000000000109                     I028699      31011800000000035003410000017N020118104700000000000103101180000000000000000000000000000000000000000100005183653798CLAUDIA DE OLIVEIRA ROCHA SABI          RUA ISAAC ZAIDMANN, 228 VILA F          COSTA BARROS21526090RIO DE JANEIRO RJUNIAO UMB DOS CULTOS AFRO BRAS    31011810 000004
10231987175000168916200163100    00008578                     000085780000000000000109                     I028578      31011800000000035003410000017N020118104700000000000103101180000000000000000000000000000000000000000100087683431753MARINEIDE DOS SANTOS GUIMARAES          RUA: ERNESTO CARDOSO Nº 1436 - CHATUBA CENTRO - NIL26521450NILOPOLIS      RJUNIAO UMB DOS CULTOS AFRO BRAS    31011810 000005
10231987175000168916200163100    00008432                     000084320000000000000109                     I028432      31011800000000035003410000017N020118104700000000000103101180000000000000000000000000000000000000000100039914666787JUSSARA MARANHAO DA SILVA               RUA AGUAS BELAS N 174                   AURORA - SAO23055580CAMPO GRANDE   RJUNIAO UMB DOS CULTOS AFRO BRAS    31011810 000006
10231987175000168916200163100    00008425                     000084250000000000000109                     I028425      31011800000000035003410000017N020118104700000000000103101180000000000000000000000000000000000000000100000561922748SALVADOR MOLINA TRINDADE                RUA INARE  490                          CASCADURA - 21311190RIO DE JANEIRO RJUNIAO UMB DOS CULTOS AFRO BRAS    31011810 000007
10231987175000168916200163100    00008422                     000084220000000000000109                     I028422      31011800000000035003410000017N020118104700000000000103101180000000000000000000000000000000000000000100001357274726JUREMA MEDEIROS MARTINS                 RUA SOLDADO LAERCIO DE MENDONCA, LOTE 22INHOAIBA    23063190RIO DE JANEIRO RJUNIAO UMB DOS CULTOS AFRO BRAS    31011810 000008
10231987175000168916200163100    00004566                     000045660000000000000109                     I024566      22121700000000350003410000017N171117104700000000000102212170000000000000000000000000000000000000000100010788322770OLINDA SOARES ADRIANO E JORGE           RUA DOUTOR CARVALHO FERREIRA N 44       PIABETA - MA25937146MAGE           RJUNIAO UMB DOS CULTOS AFRO BRAS    22121710 000009
10231987175000168916200163100    00004355                     000043550000000000000109                     I024355      22121700000000350003410000017N171117104700000000000102212170000000000000000000000000000000000000000100084597763791VERA LUCIA PASSOS DA COSTA              O MESMO                                 O MESMO     22723497RIO DE JANEIRO RJUNIAO UMB DOS CULTOS AFRO BRAS    22121710 000010
10231987175000168916200163100    00003945                     000039450000000000000109                     I023945      22121700000000350003410000017N171117104700000000000102212170000000000000000000000000000000000000000100007802202779ROBERTO DE OLIVEIRA ALONSO NET          RUA VEREADOR FRANCISCO NUNES, 1266 APTO CENTRO - NIL26540040NILOPOLIS      RJUNIAO UMB DOS CULTOS AFRO BRAS    22121710 000011
10231987175000168916200163100    00003736                     000037360000000000000109                     I023736      22121700000000350003410000017N171117104700000000000102212170000000000000000000000000000000000000000100000907631738IDA ANGELICA PEREIRA CALDAS             RUA SILVEIRA LOBO N 43                  CACHAMBI - R20780310RIO DE JANEIRO RJUNIAO UMB DOS CULTOS AFRO BRAS    22121710 000012
10231987175000168916200163100    00003700                     000037000000000000000109                     I023700      22121700000000350003410000017N171117104700000000000102212170000000000000000000000000000000000000000100047707569768BENEDITA LEOMIDIA DA COSTA              RUA NOSSA SENHORA DA GLORIA, 100        VILA MARIA H25251530DUQUE DE CAXIASRJUNIAO UMB DOS CULTOS AFRO BRAS    22121710 000013
10231987175000168916200163100    00003652                     000036520000000000000109                     I023652      22121700000000350003410000017N171117104700000000000102212170000000000000000000000000000000000000000100002152945727CARLOS HENRIQUE SANTOS LIRA             O MESMO                                 O MESMO     20251330RIO DE JANEIRO RJUNIAO UMB DOS CULTOS AFRO BRAS    22121710 000014
10231987175000168916200163100    00003530                     000035300000000000000109                     I023530      22121700000000350003410000017N171117104700000000000102212170000000000000000000000000000000000000000100002541954743DENISE DIAS DE OLIVEIRA                 RUA: BERNARDINO DE CAMPOS               DUQUE DE CAX25035530DUQUE DE CAXIASRJUNIAO UMB DOS CULTOS AFRO BRAS    22121710 000015
10231987175000168916200163100    00003528                     000035280000000000000109                     I023528      22121700000000350003410000017N171117104700000000000102212170000000000000000000000000000000000000000100002065913738ROBSON DE FARIA TORRES                  RUA CAPITAO AROLDO LEITAO Nº 54 FUNDOS OLARIA - RJ 21071050RIO DE JANEIRO RJUNIAO UMB DOS CULTOS AFRO BRAS    22121710 000016
10231987175000168916200163100    00003448                     000034480000000000000109                     I023448      22121700000000350003410000017N171117104700000000000102212170000000000000000000000000000000000000000100038268264772SANDRA NUNES DE ARAUJO                  O MESMO                                 O MESMO     25041060DUQUE DE CAXIASRJUNIAO UMB DOS CULTOS AFRO BRAS    22121710 000017
10231987175000168916200163100    00003395                     000033950000000000000109                     I023395      22121700000000350003410000017N171117104700000000000102212170000000000000000000000000000000000000000100001478169710TANIA MARIA ALVES CANEJO                RUA CAPITAO BARBOSA, 287 APTO 102       PRAIA DA BAN21921525RIO DE JANEIRO RJUNIAO UMB DOS CULTOS AFRO BRAS    22121710 000018
10231987175000168916200163100    00003393                     000033930000000000000109                     I023393      22121700000000350003410000017N171117104700000000000102212170000000000000000000000000000000000000000100036920940787MARIA DE FATIMA PREFEITO DOS S          RUA  IPEUVA, 81                         BRAS DE PINA21215400RIO DE JANEIRO RJUNIAO UMB DOS CULTOS AFRO BRAS    22121710 000019
10231987175000168916200163100    00003359                     000033590000000000000109                     I023359      22121700000000350003410000017N171117104700000000000102212170000000000000000000000000000000000000000100044029640753CREMILDA CONCEICAO LOPES                O MESMO                                 O MESMO     21235250RIO DE JANEIRO RJUNIAO UMB DOS CULTOS AFRO BRAS    22121710 000020
10231987175000168916200163100    00003341                     000033410000000000000109                     I023341      22121700000000350003410000017N171117104700000000000102212170000000000000000000000000000000000000000100095274987753PAULO SERGIO BARBOSA DA CUNHA           RUA: DAS BORBOLETAS Nº 21 E 22 - BANGU RIO DE JANEI21866030RIO DE JANEIRO RJUNIAO UMB DOS CULTOS AFRO BRAS    22121710 000021
10231987175000168916200163100    00003284                     000032840000000000000109                     I023284      22121700000000350003410000017N171117104700000000000102212170000000000000000000000000000000000000000100058895780370ELZA MORAES DA SILVA                    RUA WALTER JOSE BRAGA, 19               PARQUE TELES25581171SAO JOAO DE MERRJUNIAO UMB DOS CULTOS AFRO BRAS    22121710 000022
10231987175000168916200163100    00002459                     000024590000000000000109                     I022459      31121700000000035003410000017N131117104700000000000103112170000000000000000000000000000000000000000100007802202779ROBERTO DE OLIVEIRA ALONSO NET          RUA VEREADOR FRANCISCO NUNES, 1266 APTO CENTRO - NIL26540040NILOPOLIS      RJUNIAO UMB DOS CULTOS AFRO BRAS    31121710 000023
10231987175000168916200163100    00002212                     000022120000000000000109                     I022212      31121700000000035003410000017N131117104700000000000103112170000000000000000000000000000000000000000100047707569768BENEDITA LEOMIDIA DA COSTA              RUA NOSSA SENHORA DA GLORIA, 100        VILA MARIA H25251530DUQUE DE CAXIASRJUNIAO UMB DOS CULTOS AFRO BRAS    31121710 000024
10231987175000168916200163100    00002164                     000021640000000000000109                     I022164      31121700000000035003410000017N131117104700000000000103112170000000000000000000000000000000000000000100002152945727CARLOS HENRIQUE SANTOS LIRA             O MESMO                                 O MESMO     20251330RIO DE JANEIRO RJUNIAO UMB DOS CULTOS AFRO BRAS    31121710 000025
10231987175000168916200163100    00002038                     000020380000000000000109                     I022038      31121700000000035003410000017N131117104700000000000103112170000000000000000000000000000000000000000100002065913738ROBSON DE FARIA TORRES                  RUA CAPITAO AROLDO LEITAO Nº 54 FUNDOS OLARIA - RJ 21071050RIO DE JANEIRO RJUNIAO UMB DOS CULTOS AFRO BRAS    31121710 000026
10231987175000168916200163100    00001955                     000019550000000000000109                     I021955      31121700000000035003410000017N131117104700000000000103112170000000000000000000000000000000000000000100038268264772SANDRA NUNES DE ARAUJO                  O MESMO                                 O MESMO     25041060DUQUE DE CAXIASRJUNIAO UMB DOS CULTOS AFRO BRAS    31121710 000027
10231987175000168916200163100    00001902                     000019020000000000000109                     I021902      31121700000000040003410000017N131117104700000000000103112170000000000000000000000000000000000000000100001478169710TANIA MARIA ALVES CANEJO                RUA CAPITAO BARBOSA, 287 APTO 102       PRAIA DA BAN21921525RIO DE JANEIRO RJUNIAO UMB DOS CULTOS AFRO BRAS    31121710 000028
10231987175000168916200163100    00001900                     000019000000000000000109                     I021900      31121700000000035003410000017N131117104700000000000103112170000000000000000000000000000000000000000100036920940787MARIA DE FATIMA PREFEITO DOS S          RUA  IPEUVA, 81                         BRAS DE PINA21215400RIO DE JANEIRO RJUNIAO UMB DOS CULTOS AFRO BRAS    31121710 000029
10231987175000168916200163100    00001790                     000017900000000000000109                     I021790      31121700000000035003410000017N131117104700000000000103112170000000000000000000000000000000000000000100058895780370ELZA MORAES DA SILVA                    RUA WALTER JOSE BRAGA, 19               PARQUE TELES25581171SAO JOAO DE MERRJUNIAO UMB DOS CULTOS AFRO BRAS    31121710 000030
10231987175000168916200163100    00001633                     000016330000000000000109                     I021633      20121700000000400003410000017N301017104700000000000102012170000000000000000000000000000000000000000100005569373764VIVIANE DA SILVA MERIADE DUART          RUA ARISTIDES LOBO N 44 APT 401         RIO COMPRIDO20150450RIO DE JANEIRO RJUNIAO UMB DOS CULTOS AFRO BRAS    20121710 000031
9                                                                                                                                                                                                                                                                                                                                                                                                         000032
