01REMESSA01COBRANCA       817800093673        União Umb dos Cultos Afro Bra341BANCO ITAU SA  230518                                                                                                                                                                                                                                                                                                      000001
10231987175000168817800093673    000014348                    000143480000000000000109                     I0214348     13041800000000070003410000017N090418104700000000000101304180000000000000000000000000000000000000000100002626885738MARIA LUISA DIAS CRUZ                   RUA DIONISIO FERNANDES N 297 BLOCO 2 APTENGENHO DE D20730400RIO DE JANEIRO RJUNIAO UMB DOS CULTOS AFRO BRAS    13041810 000002
10231987175000168817800093673    000013595                    000135950000000000000109                     I0213595     30051800000000035003410000017N200218104700000000000103005180000000000000000000000000000000000000000100002730493727ALBERTO ALEXANDRE DOS SANTOS M          RUA ECA DE QUEIROZ, QUADRA 60 LOTE 2    PANTANAL - D25040350DUQUE DE CAXIASRJUNIAO UMB DOS CULTOS AFRO BRAS    30051810 000003
10231987175000168817800093673    000013532                    000135320000000000000109                     I3413532     30051800000000035003410000017N200218104700000000000103005180000000000000000000000000000000000000000100007812146707GRASIELI RIBEIRO DE ALMEIDA             RUA PADRE ARMANDO NOGUEIRA, 30          AGUA SANTA -20745120RIO DE JANEIRO RJUNIAO UMB DOS CULTOS AFRO BRAS    30051810 000004
10231987175000168817800093673    000013372                    000133720000000000000109                     I3413372     30051800000000035003410000017N200218104700000000000103005180000000000000000000000000000000000000000100007469084746SILVIO GOMES BARBOSA                    RUA ALCIDES MAIA, 78 CASA 3             BENTO RIBEIR21550560RIO DE JANEIRO RJUNIAO UMB DOS CULTOS AFRO BRAS    30051810 000005
10231987175000168817800093673    000013316                    000133160000000000000109                     I0213316     30051800000000035003410000017N200218104700000000000103005180000000000000000000000000000000000000000200000000011636CARLOS DE CARVALHO                      RUA MARINALVA SILVA, 9                  MALHAPAO - B26187660BELFORD ROXO   RJUNIAO UMB DOS CULTOS AFRO BRAS    30051810 000006
10231987175000168817800093673    000012933                    000129330000000000000109                     I0212933     30051800000000035003410000017N200218104700000000000103005180000000000000000000000000000000000000000100037125893791ELIANA DOS SANTOS VITAL                 RUA CAPITAO VIEIRA Nº 96               TURIACU - RI21540330RIO DE JANEIRO RJUNIAO UMB DOS CULTOS AFRO BRAS    30051810 000007
10231987175000168817800093673    000012706                    000127060000000000000109                     I0212706     30051800000000035003410000017N200218104700000000000103005180000000000000000000000000000000000000000100005363118700VALDECI LIMA DA COSTA                   O MESMO                                 O MESMO     21210420RIO DE JANEIRO RJUNIAO UMB DOS CULTOS AFRO BRAS    30051810 000008
10231987175000168817800093673    000012085                    000120850000000000000109                     I0212085     30041800000000035003410000017N200218104700000000000103004180000000000000000000000000000000000000000100005361904708VANESSA SANTIAGO DE AZEVEDO BA          AVENIDA TEIXEIRA DE CASTRO N 277 BLOCO 5RAMOS - RJ  21040113RIO DE JANEIRO RJUNIAO UMB DOS CULTOS AFRO BRAS    30041810 000009
10231987175000168817800093673    000011986                    000119860000000000000109                     I0211986     30041800000000035003410000017N200218104700000000000103004180000000000000000000000000000000000000000100002730493727ALBERTO ALEXANDRE DOS SANTOS M          RUA ECA DE QUEIROZ, QUADRA 60 LOTE 2    PANTANAL - D25040350DUQUE DE CAXIASRJUNIAO UMB DOS CULTOS AFRO BRAS    30041810 000010
10231987175000168817800093673    000011923                    000119230000000000000109                     I3411923     30041800000000035003410000017N200218104700000000000103004180000000000000000000000000000000000000000100007812146707GRASIELI RIBEIRO DE ALMEIDA             RUA PADRE ARMANDO NOGUEIRA, 30          AGUA SANTA -20745120RIO DE JANEIRO RJUNIAO UMB DOS CULTOS AFRO BRAS    30041810 000011
10231987175000168817800093673    000011707                    000117070000000000000109                     I0211707     30041800000000035003410000017N200218104700000000000103004180000000000000000000000000000000000000000200000000011636CARLOS DE CARVALHO                      RUA MARINALVA SILVA, 9                  MALHAPAO - B26187660BELFORD ROXO   RJUNIAO UMB DOS CULTOS AFRO BRAS    30041810 000012
10231987175000168817800093673    000011691                    000116910000000000000109                     I0211691     30041800000000035003410000017N200218104700000000000103004180000000000000000000000000000000000000000100096933836720CELIA GOMES DE OLIVEIRA FALCAO          RUA CONDOMINIO 1 DE MAIO, 227 B         MADAME MACHA23740020PETROPOLIS     RJUNIAO UMB DOS CULTOS AFRO BRAS    30041810 000013
10231987175000168817800093673    000011521                    000115210000000000000109                     I3411521     30041800000000035003410000017N200218104700000000000103004180000000000000000000000000000000000000000100065936957772ANTONIO CLAUDIO PEREIRA                 RUA LADEIRA DA REUNIAO, LOTE 6          TANQUE - JAC22773090RIO DE JANEIRO RJUNIAO UMB DOS CULTOS AFRO BRAS    30041810 000014
10231987175000168817800093673    000011514                    000115140000000000000109                     I3411514     30041800000000035003410000017N200218104700000000000103004180000000000000000000000000000000000000000100010703174703LEILIANE NOGUEIRA OLIVEIRA              TRAVESSA VINTE E OITO, 6                PARQUE SANTA26115230BELFORD ROXO   RJUNIAO UMB DOS CULTOS AFRO BRAS    30041810 000015
10231987175000168817800093673    000011097                    000110970000000000000109                     I0211097     30041800000000035003410000017N200218104700000000000103004180000000000000000000000000000000000000000100005363118700VALDECI LIMA DA COSTA                   O MESMO                                 O MESMO     21210420RIO DE JANEIRO RJUNIAO UMB DOS CULTOS AFRO BRAS    30041810 000016
10231987175000168817800093673    000010928                    000109280000000000000109                     I0210928     30041800000000035003410000017N200218104700000000000103004180000000000000000000000000000000000000000100015827814784THAYNAN ERNANDES DA SILVA PINH          RUA EXPEDICIONARIO AMERICO FERNANDES N 2RIO DO OURO 24752300SAO GONCALO    RJUNIAO UMB DOS CULTOS AFRO BRAS    30041810 000017
10231987175000168817800093673    000010420                    000104200000000000000109                     I0210420     30031800000000035003410000017N200218104700000000000103003180000000000000000000000000000000000000000100003248678755CRISTIANO DA SILVA CORREIA              TRAVESSA DAS TORRES N 99                NAZARENO - P26115733BELFORD ROXO   RJUNIAO UMB DOS CULTOS AFRO BRAS    30031810 000018
10231987175000168817800093673    000010377                    000103770000000000000109                     I0210377     30031800000000035003410000017N200218104700000000000103003180000000000000000000000000000000000000000100002730493727ALBERTO ALEXANDRE DOS SANTOS M          RUA ECA DE QUEIROZ, QUADRA 60 LOTE 2    PANTANAL - D25040350DUQUE DE CAXIASRJUNIAO UMB DOS CULTOS AFRO BRAS    30031810 000019
10231987175000168817800093673    000010371                    000103710000000000000109                     I3410371     30031800000000035003410000017N200218104700000000000103003180000000000000000000000000000000000000000100061269743791JUREMA MARCIA COELHO CETERUELO          RUA TERESOPOLIS, 46                     JARDIM METRO25570371SAO JOAO DE MERRJUNIAO UMB DOS CULTOS AFRO BRAS    30031810 000020
10231987175000168817800093673    000010364                    000103640000000000000109                     I3410364     30031800000000035003410000017N200218104700000000000103003180000000000000000000000000000000000000000100079227422749ROGERIO DOS SANTOS                      RUA LOURENCO CAMPOS, 156 CASA 1         SAO MATEUS -25525711SAO JOAO DE MERRJUNIAO UMB DOS CULTOS AFRO BRAS    30031810 000021
10231987175000168817800093673    000010356                    000103560000000000000109                     I3410356     30031800000000035003410000017N200218104700000000000103003180000000000000000000000000000000000000000100004163698981LEANDRO VIEIRA DOS SANTOS               RUA DIAS DA CRUZ, 50                    JARDIM MERIT25555280RIO DE JANEIRO RJUNIAO UMB DOS CULTOS AFRO BRAS    30031810 000022
10231987175000168817800093673    000010314                    000103140000000000000109                     I3410314     30031800000000035003410000017N200218104700000000000103003180000000000000000000000000000000000000000100007812146707GRASIELI RIBEIRO DE ALMEIDA             RUA PADRE ARMANDO NOGUEIRA, 30          AGUA SANTA -20745120RIO DE JANEIRO RJUNIAO UMB DOS CULTOS AFRO BRAS    30031810 000023
10231987175000168817800093673    000010082                    000100820000000000000109                     I0210082     30031800000000035003410000017N200218104700000000000103003180000000000000000000000000000000000000000100096933836720CELIA GOMES DE OLIVEIRA FALCAO          RUA CONDOMINIO 1 DE MAIO, 227 B         MADAME MACHA23740020PETROPOLIS     RJUNIAO UMB DOS CULTOS AFRO BRAS    30031810 000024
10231987175000168817800093673    00009912                     000099120000000000000109                     I349912      30031800000000035003410000017N200218104700000000000103003180000000000000000000000000000000000000000100065936957772ANTONIO CLAUDIO PEREIRA                 RUA LADEIRA DA REUNIAO, LOTE 6          TANQUE - JAC22773090RIO DE JANEIRO RJUNIAO UMB DOS CULTOS AFRO BRAS    30031810 000025
10231987175000168817800093673    00009911                     000099110000000000000109                     I349911      30031800000000035003410000017N200218104700000000000103003180000000000000000000000000000000000000000100090085310700ROSANGELA VILELA FERREIRA               RUA MATURACA, 380 LOTE 19 QUADRA R 1    PENHA CIRCUL21210360RIO DE JANEIRO RJUNIAO UMB DOS CULTOS AFRO BRAS    30031810 000026
10231987175000168817800093673    00009905                     000099050000000000000109                     I349905      30031800000000035003410000017N200218104700000000000103003180000000000000000000000000000000000000000100010703174703LEILIANE NOGUEIRA OLIVEIRA              TRAVESSA VINTE E OITO, 6                PARQUE SANTA26115230BELFORD ROXO   RJUNIAO UMB DOS CULTOS AFRO BRAS    30031810 000027
10231987175000168817800093673    00009715                     000097150000000000000109                     I029715      30031800000000035003410000017N200218104700000000000103003180000000000000000000000000000000000000000100037125893791ELIANA DOS SANTOS VITAL                 RUA CAPITAO VIEIRA Nº 96               TURIACU - RI21540330RIO DE JANEIRO RJUNIAO UMB DOS CULTOS AFRO BRAS    30031810 000028
10231987175000168817800093673    00009680                     000096800000000000000109                     I349680      30031800000000035003410000017N200218104700000000000103003180000000000000000000000000000000000000000100089080475734MARCIA MARIA CORREIA DA SILVA           RUA ALVARES CABRAL, 520                 CACHAMBI - R20780320RIO DE JANEIRO RJUNIAO UMB DOS CULTOS AFRO BRAS    30031810 000029
10231987175000168817800093673    00009488                     000094880000000000000109                     I029488      30031800000000035003410000017N200218104700000000000103003180000000000000000000000000000000000000000100005363118700VALDECI LIMA DA COSTA                   O MESMO                                 O MESMO     21210420RIO DE JANEIRO RJUNIAO UMB DOS CULTOS AFRO BRAS    30031810 000030
10231987175000168817800093673    00009487                     000094870000000000000109                     I349487      30031800000000035003410000017N200218104700000000000103003180000000000000000000000000000000000000000100060052830730PAULO CESAR BARRETO ALVES               RUA ANGELO DOS REIS N 207 FUNDOS        USINA - ALTO20531010RIO DE JANEIRO RJUNIAO UMB DOS CULTOS AFRO BRAS    30031810 000031
10231987175000168817800093673    00009319                     000093190000000000000109                     I349319      30031800000000035003410000017N200218104700000000000103003180000000000000000000000000000000000000000100015827814784THAYNAN ERNANDES DA SILVA PINH          RUA EXPEDICIONARIO AMERICO FERNANDES N 2RIO DO OURO 24752300SAO GONCALO    RJUNIAO UMB DOS CULTOS AFRO BRAS    30031810 000032
10231987175000168817800093673    00008208                     000082080000000000000109                     I348208      28021800000000035003410000017N291217104700000000000102802180000000000000000000000000000000000000000100003436203750ANDRE HENRIQUE FELICIO DE AZEV          ESTRADA: VELHA DO PIAI Nº 328 B        SEPETIBA - R23530800RIO DE JANEIRO RJUNIAO UMB DOS CULTOS AFRO BRAS    28021810 000033
10231987175000168817800093673    00007013                     000070130000000000000109                     I027013      28021800000000035003410000017N271217104700000000000102802180000000000000000000000000000000000000000100002730493727ALBERTO ALEXANDRE DOS SANTOS M          RUA ECA DE QUEIROZ, QUADRA 60 LOTE 2    PANTANAL - D25040350DUQUE DE CAXIASRJUNIAO UMB DOS CULTOS AFRO BRAS    28021810 000034
10231987175000168817800093673    00006997                     000069970000000000000109                     I346997      28021800000000035003410000017N271217104700000000000102802180000000000000000000000000000000000000000100004163698981LEANDRO VIEIRA DOS SANTOS               RUA DIAS DA CRUZ, 50                    JARDIM MERIT25555280RIO DE JANEIRO RJUNIAO UMB DOS CULTOS AFRO BRAS    28021810 000035
10231987175000168817800093673    00006987                     000069870000000000000109                     I026987      28021800000000035003410000017N271217104700000000000102802180000000000000000000000000000000000000000100009556812784AROLDO ADRIANO DE OLIVEIRA              RUA IBITU, 127 FUNDOS                   REALENGO - R21765510RIO DE JANEIRO RJUNIAO UMB DOS CULTOS AFRO BRAS    28021810 000036
10231987175000168817800093673    00006955                     000069550000000000000109                     I346955      28021800000000035003410000017N271217104700000000000102802180000000000000000000000000000000000000000100007812146707GRASIELI RIBEIRO DE ALMEIDA             RUA PADRE ARMANDO NOGUEIRA, 30          AGUA SANTA -20745120RIO DE JANEIRO RJUNIAO UMB DOS CULTOS AFRO BRAS    28021810 000037
10231987175000168817800093673    00006781                     000067810000000000000109                     I346781      28021800000000035003410000017N271217104700000000000102802180000000000000000000000000000000000000000100096933836720CELIA GOMES DE OLIVEIRA FALCAO          RUA CONDOMINIO 1 DE MAIO, 227 B         MADAME MACHA23740020PETROPOLIS     RJUNIAO UMB DOS CULTOS AFRO BRAS    28021810 000038
10231987175000168817800093673    00006658                     000066580000000000000109                     I346658      28021800000000035003410000017N271217104700000000000102802180000000000000000000000000000000000000000100090085310700ROSANGELA VILELA FERREIRA               RUA MATURACA, 380 LOTE 19 QUADRA R 1    PENHA CIRCUL21210360RIO DE JANEIRO RJUNIAO UMB DOS CULTOS AFRO BRAS    28021810 000039
10231987175000168817800093673    00006520                     000065200000000000000109                     I026520      28021800000000035003410000017N271217104700000000000102802180000000000000000000000000000000000000000100037125893791ELIANA DOS SANTOS VITAL                 RUA CAPITAO VIEIRA Nº 96               TURIACU - RI21540330RIO DE JANEIRO RJUNIAO UMB DOS CULTOS AFRO BRAS    28021810 000040
10231987175000168817800093673    00006359                     000063590000000000000109                     I026359      28021800000000035003410000017N271217104700000000000102802180000000000000000000000000000000000000000100005363118700VALDECI LIMA DA COSTA                   O MESMO                                 O MESMO     21210420RIO DE JANEIRO RJUNIAO UMB DOS CULTOS AFRO BRAS    28021810 000041
10231987175000168817800093673    00005763                     000057630000000000000109                     I025763      31011800000000035003410000017N261217104700000000000103101180000000000000000000000000000000000000000100002730493727ALBERTO ALEXANDRE DOS SANTOS M          RUA ECA DE QUEIROZ, QUADRA 60 LOTE 2    PANTANAL - D25040350DUQUE DE CAXIASRJUNIAO UMB DOS CULTOS AFRO BRAS    31011810 000042
10231987175000168817800093673    00005737                     000057370000000000000109                     I025737      31011800000000035003410000017N261217104700000000000103101180000000000000000000000000000000000000000100009556812784AROLDO ADRIANO DE OLIVEIRA              RUA IBITU, 127 FUNDOS                   REALENGO - R21765510RIO DE JANEIRO RJUNIAO UMB DOS CULTOS AFRO BRAS    31011810 000043
10231987175000168817800093673    00005109                     000051090000000000000109                     I025109      31011800000000035003410000017N261217104700000000000103101180000000000000000000000000000000000000000100005363118700VALDECI LIMA DA COSTA                   O MESMO                                 O MESMO     21210420RIO DE JANEIRO RJUNIAO UMB DOS CULTOS AFRO BRAS    31011810 000044
9                                                                                                                                                                                                                                                                                                                                                                                                         000045
