01REMESSA01COBRANCA       817800093673        União Umb dos Cultos Afro Bra341BANCO ITAU SA  020819                                                                                                                                                                                                                                                                                                      000001
10231987175000168817800093673    000050263                    000502630000000000000109                     I0150263     10091900000000200003410000017N020819105700000000000661009190000000000000000000000000000000000000000100000528561006LUCAS FALIGURSKI                        RUA MEXICON 29, APTº 1                 SANTO AFONSO93420310NOVO HAMBURGO  RSUNIAO UMB DOS CULTOS AFRO BRAS    10091915 000002
21100920190000000000400                                                                                                                                                                                                                                                                                                                                                                                   000003
10231987175000168817800093673    000050262                    000502620000000000000109                     I0150262     10091900000000200003410000017N020819105700000000000661009190000000000000000000000000000000000000000100005793709762JOSIMAR FALCAO DE FIGUEIREDO            RUA: PROFESSOR NICANOR LEMGRUBER N 112, REALENGO    21765600RIO DE JANEIRO RJUNIAO UMB DOS CULTOS AFRO BRAS    10091915 000004
21100920190000000000400                                                                                                                                                                                                                                                                                                                                                                                   000005
10231987175000168817800093673    000050261                    000502610000000000000109                     I0150261     10091900000000200003410000017N020819105700000000000661009190000000000000000000000000000000000000000100088828204753NORMA SUELY DE OLIVEIRA                 RUA: SONALIAN 440,                      VILA VENUS -26296204NOVA IGUACU    RJUNIAO UMB DOS CULTOS AFRO BRAS    10091915 000006
21100920190000000000400                                                                                                                                                                                                                                                                                                                                                                                   000007
10231987175000168817800093673    000050260                    000502600000000000000109                     I0150260     10091900000000200003410000017N020819105700000000000661009190000000000000000000000000000000000000000100005373975745JOAO ROBERTO DO NASCIMENTO GUI          RUA: JAIR MARQUES DOS SANTOS N 111, QUADENGENHO NOVO20715310RIO DE JANEIRO RJUNIAO UMB DOS CULTOS AFRO BRAS    10091915 000008
21100920190000000000400                                                                                                                                                                                                                                                                                                                                                                                   000009
10231987175000168817800093673    000050259                    000502590000000000000109                     I0150259     10091900000000200003410000017N020819105700000000000661009190000000000000000000000000000000000000000100047754222949ADILSON DIAS DE OLIVEIRA                RUA: ATILIO ESCUDELER N 856,            VILA PORTUGU86025080LONDRINA       PRUNIAO UMB DOS CULTOS AFRO BRAS    10091915 000010
21100920190000000000400                                                                                                                                                                                                                                                                                                                                                                                   000011
10231987175000168817800093673    000050258                    000502580000000000000109                     I0150258     10091900000000200003410000017N020819105700000000000661009190000000000000000000000000000000000000000100001192318757ALEX FABIANO MOURA DE MELO              RUA LIBERIAN 141,                       MAGALHAES BA21750290RIO DE JANEIRO RJUNIAO UMB DOS CULTOS AFRO BRAS    10091915 000012
21100920190000000000400                                                                                                                                                                                                                                                                                                                                                                                   000013
10231987175000168817800093673    000050257                    000502570000000000000109                     I0150257     10091900000000200003410000017N020819105700000000000661009190000000000000000000000000000000000000000100007894974765ANDERSON JOSE DO VAL FARAG              RUA ITAPERAN 286,  CASA 6               IRAJA       21230500RIO DE JANEIRO RJUNIAO UMB DOS CULTOS AFRO BRAS    10091915 000014
21100920190000000000400                                                                                                                                                                                                                                                                                                                                                                                   000015
10231987175000168817800093673    000050256                    000502560000000000000109                     I0150256     10091900000000200003410000017N020819105700000000000661009190000000000000000000000000000000000000000100012093522810REGINALDO APARECIDO DA SILVA            RUA: SAO BONIFACION 0, QUARA 64 LOTE 11 SAO FRANCISC26298743NOVA IGUACU    RJUNIAO UMB DOS CULTOS AFRO BRAS    10091915 000016
21100920190000000000400                                                                                                                                                                                                                                                                                                                                                                                   000017
10231987175000168817800093673    000050255                    000502550000000000000109                     I0150255     10091900000000200003410000017N020819105700000000000661009190000000000000000000000000000000000000000100004522327919RAFAEL AUGUSTO DOS SANTOS               AVENIDA SANTO CASSARON 592,             PARQUE RESID86191250CAMBE          PRUNIAO UMB DOS CULTOS AFRO BRAS    10091915 000018
21100920190000000000400                                                                                                                                                                                                                                                                                                                                                                                   000019
10231987175000168817800093673    000050254                    000502540000000000000109                     I0150254     10091900000000200003410000017N020819105700000000000661009190000000000000000000000000000000000000000100010790772787SILVIO EDUARDO GONCALVES GOMES          AVENIDA: NELSON DE OLIVEIRA E SILVA N 16VILA PROGRES24322385NITEROI        RJUNIAO UMB DOS CULTOS AFRO BRAS    10091915 000020
21100920190000000000400                                                                                                                                                                                                                                                                                                                                                                                   000021
10231987175000168817800093673    000050253                    000502530000000000000109                     I0150253     10091900000000200003410000017N020819105700000000000661009190000000000000000000000000000000000000000100064683770644MARLY PEREIRA DE BRITTO MELLO           RUA: MARGARIDAN 24,                     ANCHIETA    21660490RIO DE JANEIRO RJUNIAO UMB DOS CULTOS AFRO BRAS    10091915 000022
21100920190000000000400                                                                                                                                                                                                                                                                                                                                                                                   000023
10231987175000168817800093673    000050252                    000502520000000000000109                     I0150252     10091900000000200003410000017N020819105700000000000661009190000000000000000000000000000000000000000100021696759811CRISTIANE ARAUJO SILVA                  RUA: MANOEL DE CHAVES N 62,             CIDADE NAUTI11350340SAO VICENTE    SPUNIAO UMB DOS CULTOS AFRO BRAS    10091915 000024
21100920190000000000400                                                                                                                                                                                                                                                                                                                                                                                   000025
10231987175000168817800093673    000050247                    000502470000000000000109                     I0150247     10091900000000200003410000017N020819105700000000000661009190000000000000000000000000000000000000000100088182959187LUCIANA OLIVEIRA BRITO TAVARES          RUA: QUADRA 5 FAZE 3N 0,  CASAS 28 E 29 CONDOMINIO N73750970PLANALTINA     GOUNIAO UMB DOS CULTOS AFRO BRAS    10091915 000026
21100920190000000000400                                                                                                                                                                                                                                                                                                                                                                                   000027
10231987175000168817800093673    000050245                    000502450000000000000109                     I0150245     10091900000000200003410000017N020819105700000000000661009190000000000000000000000000000000000000000100011011327449JOSE JORGE MATTOS DE CARVALHO           RUA: OLIVIA DE CARVALHON 6,             SANTA SOFIA 23895765SEROPEDICA     RJUNIAO UMB DOS CULTOS AFRO BRAS    10091915 000028
21100920190000000000400                                                                                                                                                                                                                                                                                                                                                                                   000029
10231987175000168817800093673    000050244                    000502440000000000000109                     I0150244     10091900000000200003410000017N020819105700000000000661009190000000000000000000000000000000000000000100013665834775LEONARDO SANTOS VIANEY - ZE CA          AVENIDA: PASTOR MIRANDA PINTO N 261,    IRAJA       21220380RIO DE JANEIRO RJUNIAO UMB DOS CULTOS AFRO BRAS    10091915 000030
21100920190000000000400                                                                                                                                                                                                                                                                                                                                                                                   000031
10231987175000168817800093673    000050243                    000502430000000000000109                     I0150243     10091900000000200003410000017N020819105700000000000661009190000000000000000000000000000000000000000100001145726070LEANDRO MOREIRA MACIEL                  RUA: DONA MARIANA N 213,                CENTRO      96010450PELOTAS        RSUNIAO UMB DOS CULTOS AFRO BRAS    10091915 000032
21100920190000000000400                                                                                                                                                                                                                                                                                                                                                                                   000033
10231987175000168817800093673    000050242                    000502420000000000000109                     I0150242     10091900000000200003410000017N020819105700000000000661009190000000000000000000000000000000000000000100001938992563WASHINGTON LUIS DE JESUS REIS           RUA: SANTA CRUZ N 3, CIA 1 - QUADRA 8   SIMOES FILHO43700000BAHIA          BAUNIAO UMB DOS CULTOS AFRO BRAS    10091915 000034
21100920190000000000400                                                                                                                                                                                                                                                                                                                                                                                   000035
10231987175000168817800093673    000050241                    000502410000000000000109                     I0150241     10091900000000200003410000017N020819105700000000000661009190000000000000000000000000000000000000000100063201992020CARLOS ANDRE AIL BELMONTE E JO          RUA: JOAO DA COSTA N 82,                PARTENON SAO91520330PORTO ALEGRE   RSUNIAO UMB DOS CULTOS AFRO BRAS    10091915 000036
21100920190000000000400                                                                                                                                                                                                                                                                                                                                                                                   000037
10231987175000168817800093673    000050240                    000502400000000000000109                     I0150240     10091900000000200003410000017N020819105700000000000661009190000000000000000000000000000000000000000100001256745707ROGERIO BARBOSA MACHADO                 RUA: JOSE LOPESN 163,                   CORDOVIL    21215430RIO DE JANEIRO RJUNIAO UMB DOS CULTOS AFRO BRAS    10091915 000038
21100920190000000000400                                                                                                                                                                                                                                                                                                                                                                                   000039
10231987175000168817800093673    000050239                    000502390000000000000109                     I0150239     10091900000000200003410000017N020819105700000000000661009190000000000000000000000000000000000000000100004549729708MARCIO ALEXANDRE GONCALVES MAC          RUA: JOAO XIMENES N 0, QUADRA 352 LOTE 1PARADA MORAB25265353DUQUE DE CAXIASRJUNIAO UMB DOS CULTOS AFRO BRAS    10091915 000040
21100920190000000000400                                                                                                                                                                                                                                                                                                                                                                                   000041
10231987175000168817800093673    000050238                    000502380000000000000109                     I0150238     10091900000000200003410000017N020819105700000000000661009190000000000000000000000000000000000000000100003274750999FABIANO JOSE DA SILVA                   ESTRADA GERAL AZEITEIRON 0, S/Nº       AZEITEIRO   88750000BRACO DO NORTE SCUNIAO UMB DOS CULTOS AFRO BRAS    10091915 000042
21100920190000000000400                                                                                                                                                                                                                                                                                                                                                                                   000043
10231987175000168817800093673    000050237                    000502370000000000000109                     I0150237     10091900000000200003410000017N020819105700000000000661009190000000000000000000000000000000000000000100061202414346ALIRSON LOPES CASTRO                    RUA: PEREIRA RAMOS N 140,               FATIMA      65268000CURURUPU       MAUNIAO UMB DOS CULTOS AFRO BRAS    10091915 000044
21100920190000000000400                                                                                                                                                                                                                                                                                                                                                                                   000045
10231987175000168817800093673    000050236                    000502360000000000000109                     I0150236     10091900000000200003410000017N020819105700000000000661009190000000000000000000000000000000000000000100021944466720PEDRO PAULO BIZERRA DA SILVA            RUA: ARQUIAS CORDEIRO N 554,            MEIER       20770000RIO DE JANEIRO RJUNIAO UMB DOS CULTOS AFRO BRAS    10091915 000046
21100920190000000000400                                                                                                                                                                                                                                                                                                                                                                                   000047
10231987175000168817800093673    000050235                    000502350000000000000109                     I0150235     10091900000000200003410000017N020819105700000000000661009190000000000000000000000000000000000000000100005352016137CELIO NOLETO - NEGO GERSON              RUA: RIO JUTAIR N 231,                  TRISDELA    65950000BARRA DO CORDA MAUNIAO UMB DOS CULTOS AFRO BRAS    10091915 000048
21100920190000000000400                                                                                                                                                                                                                                                                                                                                                                                   000049
10231987175000168817800093673    000050234                    000502340000000000000109                     I0150234     10091900000000200003410000017N020819105700000000000661009190000000000000000000000000000000000000000100011300830719CINTIA RODRIGUES TAVARES                RUA: BARTOLOMEU MITRE N 0, S/Nº        JARDIM SUMAR25580450SAO JOAO DE MERRJUNIAO UMB DOS CULTOS AFRO BRAS    10091915 000050
21100920190000000000400                                                                                                                                                                                                                                                                                                                                                                                   000051
10231987175000168817800093673    000050233                    000502330000000000000109                     I0150233     10091900000000200003410000017N020819105700000000000661009190000000000000000000000000000000000000000100010061406708SIMONE SARDINHA DOS SANTOS              ESTRADA: RIO DO PAUN 1073,              PAVUNA      21645210RIO DE JANEIRO RJUNIAO UMB DOS CULTOS AFRO BRAS    10091915 000052
21100920190000000000400                                                                                                                                                                                                                                                                                                                                                                                   000053
10231987175000168817800093673    000050231                    000502310000000000000109                     I0150231     10091900000000200003410000017N020819105700000000000661009190000000000000000000000000000000000000000100098804944072RAFAEL MORAES CORDEIRO                  RUA: CARAVELAS N 249,                   PARQUE MARIN96215020RIO GRANDE     RSUNIAO UMB DOS CULTOS AFRO BRAS    10091915 000054
21100920190000000000400                                                                                                                                                                                                                                                                                                                                                                                   000055
10231987175000168817800093673    000050230                    000502300000000000000109                     I0150230     10091900000000200003410000017N020819105700000000000661009190000000000000000000000000000000000000000100005372084456JOSE GERLIU DOS SANTOS                  TRAV.: LUIS DE CAMOES N 9, QUADRA H     VILA SACADUR09060710SANTO ANDRE    SPUNIAO UMB DOS CULTOS AFRO BRAS    10091915 000056
21100920190000000000400                                                                                                                                                                                                                                                                                                                                                                                   000057
10231987175000168817800093673    000050229                    000502290000000000000109                     I0150229     10091900000000200003410000017N020819105700000000000661009190000000000000000000000000000000000000000100012394130172ELIAS FERREIRA DA SILVA                 RUA: GUARUJA N 10, QUADRA 35            JARDIM IPANE75380000TRINDADE       GOUNIAO UMB DOS CULTOS AFRO BRAS    10091915 000058
21100920190000000000400                                                                                                                                                                                                                                                                                                                                                                                   000059
10231987175000168817800093673    000050228                    000502280000000000000109                     I0150228     10091900000000200003410000017N020819105700000000000661009190000000000000000000000000000000000000000100071959858149EDUARDO LISBOA GOMES                    RUA: QUADRA 4 MR 8 CASAN 7,             SETOR NORTE 73751040PLANALTINA     GOUNIAO UMB DOS CULTOS AFRO BRAS    10091915 000060
21100920190000000000400                                                                                                                                                                                                                                                                                                                                                                                   000061
10231987175000168817800093673    000050227                    000502270000000000000109                     I0150227     10091900000000200003410000017N020819105700000000000661009190000000000000000000000000000000000000000100014700416777LUAN DE OLIVEIRA BATISTA                RUA BALDUINO DE AGUIARN 200,            PARADA DE LU21250460RIO DE JANEIRO RJUNIAO UMB DOS CULTOS AFRO BRAS    10091915 000062
21100920190000000000400                                                                                                                                                                                                                                                                                                                                                                                   000063
10231987175000168817800093673    000050226                    000502260000000000000109                     I0150226     10091900000000200003410000017N020819105700000000000661009190000000000000000000000000000000000000000100080741177749CELSO JESUS DA SILVA                    RUA: CARIUS N 406,                      CAMPO GRANDE23052180RIO DE JANEIRO RJUNIAO UMB DOS CULTOS AFRO BRAS    10091915 000064
21100920190000000000400                                                                                                                                                                                                                                                                                                                                                                                   000065
10231987175000168817800093673    000050225                    000502250000000000000109                     I0150225     10091900000000200003410000017N020819105700000000000661009190000000000000000000000000000000000000000100002007170302GLEICIANE TEIXEIRA GOMES                RUA: SAO LUISN 1930,                    CODONOVO    65400000CODO           MAUNIAO UMB DOS CULTOS AFRO BRAS    10091915 000066
21100920190000000000400                                                                                                                                                                                                                                                                                                                                                                                   000067
10231987175000168817800093673    000050223                    000502230000000000000109                     I0150223     10091900000000200003410000017N020819105700000000000661009190000000000000000000000000000000000000000100070560757700GERALDO LUIZ ROBUSTO FONTES             RUA: ANTONIO BASILIO N 201, APTº 101   TIJUCA      20511190RIO DE JANEIRO RJUNIAO UMB DOS CULTOS AFRO BRAS    10091915 000068
21100920190000000000400                                                                                                                                                                                                                                                                                                                                                                                   000069
10231987175000168817800093673    000050222                    000502220000000000000109                     I0150222     10091900000000200003410000017N020819105700000000000661009190000000000000000000000000000000000000000100001242223746ANDERSON FRANCISCO                      ESTRADA DO GUAFAN 545,                  SANTISSIMO  23010175RIO DE JANEIRO RJUNIAO UMB DOS CULTOS AFRO BRAS    10091915 000070
21100920190000000000400                                                                                                                                                                                                                                                                                                                                                                                   000071
10231987175000168817800093673    000050221                    000502210000000000000109                     I0150221     10091900000000200003410000017N020819105700000000000661009190000000000000000000000000000000000000000100055438474087DAISOM DOS SANTOS MADEIRA               AVENIDA KURT SCHONWALDN 278,            CECILIA     94475350VIAMAO         RSUNIAO UMB DOS CULTOS AFRO BRAS    10091915 000072
21100920190000000000400                                                                                                                                                                                                                                                                                                                                                                                   000073
10231987175000168817800093673    000050220                    000502200000000000000109                     I0150220     10091900000000200003410000017N020819105700000000000661009190000000000000000000000000000000000000000100007430395996MICHELE VARGAS                          RUA: DO MEIO N 443,                     ARROIO SECO 95585000ARROIO DO SAL  RSUNIAO UMB DOS CULTOS AFRO BRAS    10091915 000074
21100920190000000000400                                                                                                                                                                                                                                                                                                                                                                                   000075
10231987175000168817800093673    000050218                    000502180000000000000109                     I0150218     10091900000000200003410000017N020819105700000000000661009190000000000000000000000000000000000000000100067312349749ILSA CRISTINA FELIX                     RUA JOAQUIM DE QUEIROZN 22,             RAMOS       21061610RIO DE JANEIRO RJUNIAO UMB DOS CULTOS AFRO BRAS    10091915 000076
21100920190000000000400                                                                                                                                                                                                                                                                                                                                                                                   000077
10231987175000168817800093673    000050216                    000502160000000000000109                     I0150216     10091900000000200003410000017N020819105700000000000661009190000000000000000000000000000000000000000100001619907038LEANDRO RODRIGUES                       RUA PADRE ANCHIETAN 2025,               NOVA ESPERAN97503150URUGUAIANA     RSUNIAO UMB DOS CULTOS AFRO BRAS    10091915 000078
21100920190000000000400                                                                                                                                                                                                                                                                                                                                                                                   000079
10231987175000168817800093673    000050215                    000502150000000000000109                     I0150215     10091900000000200003410000017N020819105700000000000661009190000000000000000000000000000000000000000100009828304759FERNANDO DOS SANTOS OLIVEIRA L          RUA SANTA VITORIAN 558,                 SEPETIBA    23545370RIO DE JANEIRO RJUNIAO UMB DOS CULTOS AFRO BRAS    10091915 000080
21100920190000000000400                                                                                                                                                                                                                                                                                                                                                                                   000081
10231987175000168817800093673    000050214                    000502140000000000000109                     I0150214     10091900000000200003410000017N020819105700000000000661009190000000000000000000000000000000000000000100005318770517JORGE HENRIQUE SANTOS MENEZES           RUA EURICO NASCIMENTON 10,              PIRAJA      41295740SALVADOR       BAUNIAO UMB DOS CULTOS AFRO BRAS    10091915 000082
21100920190000000000400                                                                                                                                                                                                                                                                                                                                                                                   000083
10231987175000168817800093673    000050212                    000502120000000000000109                     I0150212     10091900000000200003410000017N020819105700000000000661009190000000000000000000000000000000000000000100003205641000PATRICK MICHELON MULLER                 BECO: SANTA TERESINHAN 39,              CENTRO      98125000FORTALEZA DOS VRSUNIAO UMB DOS CULTOS AFRO BRAS    10091915 000084
21100920190000000000400                                                                                                                                                                                                                                                                                                                                                                                   000085
10231987175000168817800093673    000050211                    000502110000000000000109                     I0150211     10091900000000200003410000017N020819105700000000000661009190000000000000000000000000000000000000000100011570617708DANIEL DA SILVA PEREIRA                 RUA: DA CONQUISTAO N 46,  CASA 2        TRES POCOS C27240360VOLTA REDONDA  RJUNIAO UMB DOS CULTOS AFRO BRAS    10091915 000086
21100920190000000000400                                                                                                                                                                                                                                                                                                                                                                                   000087
10231987175000168817800093673    000050210                    000502100000000000000109                     I0150210     10091900000000200003410000017N020819105700000000000661009190000000000000000000000000000000000000000100001388539756VANIA CRISTINA SERPA PEREIRA            RUA: MAURICIO JOPPERT DA SILVA N 104,   PEDRA DE GUA23027040RIO DE JANEIRO RJUNIAO UMB DOS CULTOS AFRO BRAS    10091915 000088
21100920190000000000400                                                                                                                                                                                                                                                                                                                                                                                   000089
10231987175000168817800093673    000050209                    000502090000000000000109                     I0150209     10091900000000200003410000017N020819105700000000000661009190000000000000000000000000000000000000000100003406734782VLADIMIR DA SILVA AGUIAR                TRAVESSA: QUINZE N 0, CASA 7 QUADRA 10  SANTA CRUZ  21525260RIO DE JANEIRO RJUNIAO UMB DOS CULTOS AFRO BRAS    10091915 000090
21100920190000000000400                                                                                                                                                                                                                                                                                                                                                                                   000091
10231987175000168817800093673    000050208                    000502080000000000000109                     I0150208     10091900000000200003410000017N020819105700000000000661009190000000000000000000000000000000000000000100003727062746CRISTINA MARCELO DOS SANTOS             RUA COMANDANTE BRIGGSN 92,              PITA        24412580SAO GONCALO    RJUNIAO UMB DOS CULTOS AFRO BRAS    10091915 000092
21100920190000000000400                                                                                                                                                                                                                                                                                                                                                                                   000093
10231987175000168817800093673    000050207                    000502070000000000000109                     I0150207     10091900000000200003410000017N020819105700000000000661009190000000000000000000000000000000000000000100075950790715LUCIA MARIA GOUVEA                      RUA: ARQUIAS CORDEIROS N 507, SOBRADO   MEIER       20770000RIO DE JANEIRO RJUNIAO UMB DOS CULTOS AFRO BRAS    10091915 000094
21100920190000000000400                                                                                                                                                                                                                                                                                                                                                                                   000095
10231987175000168817800093673    000050206                    000502060000000000000109                     I0150206     10091900000000200003410000017N020819105700000000000661009190000000000000000000000000000000000000000100012563881730THIAGO PACHECO BRITO                    RUA DOUTOR ALFREDO BACKERN 0,           MUTONDO     24452001SAO GONCALO    RJUNIAO UMB DOS CULTOS AFRO BRAS    10091915 000096
21100920190000000000400                                                                                                                                                                                                                                                                                                                                                                                   000097
10231987175000168817800093673    000050205                    000502050000000000000109                     I0150205     10091900000000200003410000017N020819105700000000000661009190000000000000000000000000000000000000000100032708815091LUIZ PAULO GONCALVES DOS SANTO          RUA: DA PESCARIAN 232,                  SANTA LUZIA 95555000CAPAO DA CANOA RSUNIAO UMB DOS CULTOS AFRO BRAS    10091915 000098
21100920190000000000400                                                                                                                                                                                                                                                                                                                                                                                   000099
10231987175000168817800093673    000050204                    000502040000000000000109                     I0150204     10091900000000200003410000017N020819105700000000000661009190000000000000000000000000000000000000000100009062204759RODRIGO MACEDO GAK                      RUA: QUARENTA E SEIS N 157, CONJUNTO CAMLAGOINHA    26296000NOVA IGUACU    RJUNIAO UMB DOS CULTOS AFRO BRAS    10091915 000100
21100920190000000000400                                                                                                                                                                                                                                                                                                                                                                                   000101
10231987175000168817800093673    000050203                    000502030000000000000109                     I0150203     10091900000000200003410000017N020819105700000000000661009190000000000000000000000000000000000000000100009035565703JOSE RAMIRO DA SILVA JUNIOR (O          RUA: OURO PRETO  N 40,                  JARDIM PARAI26321130NOVA IGUACU    RJUNIAO UMB DOS CULTOS AFRO BRAS    10091915 000102
21100920190000000000400                                                                                                                                                                                                                                                                                                                                                                                   000103
10231987175000168817800093673    000050201                    000502010000000000000109                     I0150201     10091900000000200003410000017N020819105700000000000661009190000000000000000000000000000000000000000100066830311004ALEXSANDRO COUTINHO DA SILVA            RUA: GILDA DE ABREUN 644,               SANTO INACIO93290430ESTEIO         RSUNIAO UMB DOS CULTOS AFRO BRAS    10091915 000104
21100920190000000000400                                                                                                                                                                                                                                                                                                                                                                                   000105
10231987175000168817800093673    000050200                    000502000000000000000109                     I0150200     10091900000000200003410000017N020819105700000000000661009190000000000000000000000000000000000000000100037783829856SANDRA REGINA DA SILVA ROSA             RUA: LUPERCIO DE SOUZA CORTEZ N 54,     JARDIM IGUAT08370220SAO PAULO      SPUNIAO UMB DOS CULTOS AFRO BRAS    10091915 000106
21100920190000000000400                                                                                                                                                                                                                                                                                                                                                                                   000107
10231987175000168817800093673    000050199                    000501990000000000000109                     I0150199     10091900000000200003410000017N020819105700000000000661009190000000000000000000000000000000000000000100037999022870FERNANDO APARECIDO CARVALHO DE          RUA: PADRE CURSINO DE MOURA N 0,        JARDIM PREVI04292070SAO PAULO      SPUNIAO UMB DOS CULTOS AFRO BRAS    10091915 000108
21100920190000000000400                                                                                                                                                                                                                                                                                                                                                                                   000109
10231987175000168817800093673    000050197                    000501970000000000000109                     I0150197     10091900000000200003410000017N020819105700000000000661009190000000000000000000000000000000000000000100011536936740EDILSON NAMBAR XAVIER                   RUA: MARIA JOAQUINA DE CAMPOS N 71,     FIGUEIRA - M25926438MAGE           RJUNIAO UMB DOS CULTOS AFRO BRAS    10091915 000110
21100920190000000000400                                                                                                                                                                                                                                                                                                                                                                                   000111
10231987175000168817800093673    000050196                    000501960000000000000109                     I0150196     10091900000000200003410000017N020819105700000000000661009190000000000000000000000000000000000000000100097593850072CARLA PIMENTEL                          RUA: SECUNDARIA IN 45,                  NOVA SANTA M97037999SANTA MARIA    RSUNIAO UMB DOS CULTOS AFRO BRAS    10091915 000112
21100920190000000000400                                                                                                                                                                                                                                                                                                                                                                                   000113
10231987175000168817800093673    000050195                    000501950000000000000109                     I0150195     10091900000000200003410000017N010819105700000000000661009190000000000000000000000000000000000000000100000318005727VANIA PASSOS LIMA                       RUA CARDOSO QUINTAON 40, TERREO         PIEDADE     21381460RIO DE JANEIRO RJUNIAO UMB DOS CULTOS AFRO BRAS    10091915 000114
21100920190000000000400                                                                                                                                                                                                                                                                                                                                                                                   000115
10231987175000168817800093673    000050194                    000501940000000000000109                     I0150194     10091900000000200003410000017N010819105700000000000661009190000000000000000000000000000000000000000100000835999750MARCOS WELBER FREITAS DE JESUS          RUA: ESPERANCA N 11,                    SANTA CRUZ  23510550RIO DE JANEIRO RJUNIAO UMB DOS CULTOS AFRO BRAS    10091915 000116
21100920190000000000400                                                                                                                                                                                                                                                                                                                                                                                   000117
10231987175000168817800093673    000050193                    000501930000000000000109                     I0150193     10091900000000200003410000017N010819105700000000000661009190000000000000000000000000000000000000000100009297507727JOSINEI TEODORO DE SOUSA                RUA: DO CONTORNO  N 121,                BELO HORIZON27278200VOLTA REDONDA  RJUNIAO UMB DOS CULTOS AFRO BRAS    10091915 000118
21100920190000000000400                                                                                                                                                                                                                                                                                                                                                                                   000119
10231987175000168817800093673    000050192                    000501920000000000000109                     I0150192     10091900000000200003410000017N010819105700000000000661009190000000000000000000000000000000000000000100012690045737FELIPE DE SOUZA QUEIROZ                 RUA OLIVIA LOPES N 0, LOTE 10           TRIBOBO     26022150SAO GONCALO    RJUNIAO UMB DOS CULTOS AFRO BRAS    10091915 000120
21100920190000000000400                                                                                                                                                                                                                                                                                                                                                                                   000121
10231987175000168817800093673    000050191                    000501910000000000000109                     I0150191     10091900000000200003410000017N010819105700000000000661009190000000000000000000000000000000000000000100094329001772CATIA DE OLIVEIRA DIAS                  RUA: ARAGUARI N 568,                    RAMOS       21031670RIO DE JANEIRO RJUNIAO UMB DOS CULTOS AFRO BRAS    10091915 000122
21100920190000000000400                                                                                                                                                                                                                                                                                                                                                                                   000123
10231987175000168817800093673    000050190                    000501900000000000000109                     I0150190     10091900000000200003410000017N010819105700000000000661009190000000000000000000000000000000000000000100010219479704WILLIAN DA SILVA FERNANDES              RUA GERBERAN 1, APTº 201               RIO COMPRIDO20251626RIO DE JANEIRO RJUNIAO UMB DOS CULTOS AFRO BRAS    10091915 000124
21100920190000000000400                                                                                                                                                                                                                                                                                                                                                                                   000125
10231987175000168817800093673    000050189                    000501890000000000000109                     I0150189     10091900000000200003410000017N010819105700000000000661009190000000000000000000000000000000000000000100000000011711RONNY SANTOS SERRADO                    TRAVESSA MARIA DA CONCEICAON 133,       PORTO NOVO  24431620SAO GONCALO    RJUNIAO UMB DOS CULTOS AFRO BRAS    10091915 000126
21100920190000000000400                                                                                                                                                                                                                                                                                                                                                                                   000127
10231987175000168817800093673    000050188                    000501880000000000000109                     I0150188     10091900000000200003410000017N010819105700000000000661009190000000000000000000000000000000000000000100037827723187ANA PAULA PEREIRA ESQUERDO (DA          RUA PROJETADA AN 5678,  CASA 1          GUARATIBA   23035405RIO DE JANEIRO RJUNIAO UMB DOS CULTOS AFRO BRAS    10091915 000128
21100920190000000000400                                                                                                                                                                                                                                                                                                                                                                                   000129
10231987175000168817800093673    000050187                    000501870000000000000109                     I0150187     10091900000000200003410000017N010819105700000000000661009190000000000000000000000000000000000000000100010327267763SIMONE ALVES SOARES                     AVENIDA: BEIRA RION 60,                 PARQUE MATAR28970000ARARUAMA       RJUNIAO UMB DOS CULTOS AFRO BRAS    10091915 000130
21100920190000000000400                                                                                                                                                                                                                                                                                                                                                                                   000131
10231987175000168817800093673    000050186                    000501860000000000000109                     I0150186     10091900000000200003410000017N010819105700000000000661009190000000000000000000000000000000000000000100015575485790DAVID THOMAZ TEIXEIRA DOS SANT          RUA NOVA JERUSALEMN 0,                  BONSUCESSO  21042235RIO DE JANEIRO RJUNIAO UMB DOS CULTOS AFRO BRAS    10091915 000132
21100920190000000000400                                                                                                                                                                                                                                                                                                                                                                                   000133
10231987175000168817800093673    000050185                    000501850000000000000109                     I0150185     10091900000000200003410000017N010819105700000000000661009190000000000000000000000000000000000000000100005547550760DULCE MARQUES DE MELLO                  RUA SAO FRANCISCO DE ASSISN 24,         VILA MARIA H25251617DUQUE DE CAXIASRJUNIAO UMB DOS CULTOS AFRO BRAS    10091915 000134
21100920190000000000400                                                                                                                                                                                                                                                                                                                                                                                   000135
10231987175000168817800093673    000050184                    000501840000000000000109                     I0150184     10091900000000200003410000017N010819105700000000000661009190000000000000000000000000000000000000000100006844490992CATIELE DE SOUZA ADRIANO                RUA: FURRIEL N 215,                     VILA INDUSTR86706020ARAPONGAS      PRUNIAO UMB DOS CULTOS AFRO BRAS    10091915 000136
21100920190000000000400                                                                                                                                                                                                                                                                                                                                                                                   000137
10231987175000168817800093673    000050183                    000501830000000000000109                     I0150183     10091900000000200003410000017N010819105700000000000661009190000000000000000000000000000000000000000100015534904879MARIA DE FATIMA RODRIGUES DA S          RUA: MARTINIANO LEMOS LEITE N 720,      VILA JOVINA 06705110COTIA          SPUNIAO UMB DOS CULTOS AFRO BRAS    10091915 000138
21100920190000000000400                                                                                                                                                                                                                                                                                                                                                                                   000139
10231987175000168817800093673    000050182                    000501820000000000000109                     I0150182     10091900000000200003410000017N010819105700000000000661009190000000000000000000000000000000000000000100059050799000PAULO ROBERTO DA SILVA                  RUA: PEDRO COELHO N 0,                  SAO JOSE    88960000SOMBRIO        SCUNIAO UMB DOS CULTOS AFRO BRAS    10091915 000140
21100920190000000000400                                                                                                                                                                                                                                                                                                                                                                                   000141
10231987175000168817800093673    000050181                    000501810000000000000109                     I0150181     10091900000000200003410000017N010819105700000000000661009190000000000000000000000000000000000000000100081467710415JORGE CARLOS SANTOS DA SILVA            RUA DO SOSSEGON 7,                      JACINTINHO  57041280MACEIO         ALUNIAO UMB DOS CULTOS AFRO BRAS    10091915 000142
21100920190000000000400                                                                                                                                                                                                                                                                                                                                                                                   000143
10231987175000168817800093673    000050179                    000501790000000000000109                     I0150179     10091900000000200003410000017N010819105700000000000661009190000000000000000000000000000000000000000100002236129793ADRIANA PEREIRA GLORIA DE OLIV          RUA BOM JARDIMN 0, LOTE 8 QUADRA L      JARDIM OLIND28911105CABO FRIO      RJUNIAO UMB DOS CULTOS AFRO BRAS    10091915 000144
21100920190000000000400                                                                                                                                                                                                                                                                                                                                                                                   000145
10231987175000168817800093673    000050178                    000501780000000000000109                     I0150178     10091900000000200003410000017N010819105700000000000661009190000000000000000000000000000000000000000100011609237790FELIPE CAVALCANTI                       TRAVESSA WALDEMAR DE OLIVEIRA MELLON 52,CENTRO      27135120BARRA DO PIRAI RJUNIAO UMB DOS CULTOS AFRO BRAS    10091915 000146
21100920190000000000400                                                                                                                                                                                                                                                                                                                                                                                   000147
10231987175000168817800093673    000050177                    000501770000000000000109                     I0150177     10091900000000200003410000017N010819105700000000000661009190000000000000000000000000000000000000000100000248140752DEBORAH PERPETUO SILVA DOS SAN          RUA REGENTE LIMA E SILVAN 117,          MARECHAL HER21610230RIO DE JANEIRO RJUNIAO UMB DOS CULTOS AFRO BRAS    10091915 000148
21100920190000000000400                                                                                                                                                                                                                                                                                                                                                                                   000149
10231987175000168817800093673    000050176                    000501760000000000000109                     I0150176     10091900000000200003410000017N010819105700000000000661009190000000000000000000000000000000000000000100019165482379MANUEL ALEIXO DE BARROS                 RUA MARLI FERREIRAN 878, FUNDOS         MARAMBAIA   24727130SAO GONCALO    RJUNIAO UMB DOS CULTOS AFRO BRAS    10091915 000150
21100920190000000000400                                                                                                                                                                                                                                                                                                                                                                                   000151
10231987175000168817800093673    000050175                    000501750000000000000109                     I0150175     10091900000000200003410000017N010819105700000000000661009190000000000000000000000000000000000000000100010273398750LIVIA MARIA DAVID FLOR                  RUA CORONEL CAMISAON 916, FUNDOS        CORDOVIL    21250290RIO DE JANEIRO RJUNIAO UMB DOS CULTOS AFRO BRAS    10091915 000152
21100920190000000000400                                                                                                                                                                                                                                                                                                                                                                                   000153
9                                                                                                                                                                                                                                                                                                                                                                                                         000154
