01REMESSA01COBRANCA       916200163100        União Umb dos Cultos Afro Bra341BANCO ITAU SA  230118                                                                                                                                                                                                                                                                                                      000001
10231987175000168916200163100    00009066                     000090660000000000000109                     I019066      28021800000000035003410000017N230118104700000000000102802180000000000000000000000000000000000000000100001230614745LUIZ ANTONIO MARQUES TONDATO            CARTA ANISTIA AGO 2017                  IPIRANGA - N21360000RIO DE JANEIRO RJUNIAO UMB DOS CULTOS AFRO BRAS    28021810 000002
10231987175000168916200163100    00009065                     000090650000000000000109                     I019065      28021800000000035003410000017N230118104700000000000102802180000000000000000000000000000000000000000100099025078753EVA DE OLIVEIRA LOPES                   ESTRADA SANTO ANTONIO Nº 8             CARTA ANISTI26455280RIO DE JANEIRO RJUNIAO UMB DOS CULTOS AFRO BRAS    28021810 000003
10231987175000168916200163100    00009064                     000090640000000000000109                     I019064      28021800000000035003410000017N230118104700000000000102802180000000000000000000000000000000000000000100008232649712ADRIANO DA SILVA SANTOS                 AVENIDA JOAO  RIBEIRO 455 BL 1 APT 301  PILARES     20750094RIO DE JANEIRO RJUNIAO UMB DOS CULTOS AFRO BRAS    28021810 000004
10231987175000168916200163100    00009063                     000090630000000000000109                     I019063      28021800000000035003410000017N230118104700000000000102802180000000000000000000000000000000000000000100008232649712ADRIANO DA SILVA SANTOS                 AVENIDA JOAO  RIBEIRO 455 BL 1 APT 301  PILARES     20750094RIO DE JANEIRO RJUNIAO UMB DOS CULTOS AFRO BRAS    28021810 000005
10231987175000168916200163100    00009062                     000090620000000000000109                     I019062      28021800000000035003410000017N230118104700000000000102802180000000000000000000000000000000000000000100015197047712MARCELLE SOARES ZIMBRAO                 RUA: NOSSA SENHORA DAS GRACAS Nº 11    MOSELA - PET25675111PETROPOLIS     RJUNIAO UMB DOS CULTOS AFRO BRAS    28021810 000006
10231987175000168916200163100    00009061                     000090610000000000000109                     I019061      28021800000000035003410000017N230118104700000000000102802180000000000000000000000000000000000000000100009963194761FERNANDO PECANHA PIRES                  RUA GENERAL BASILIO                     TABORDA     28680000CACHOEIRA DE MARJUNIAO UMB DOS CULTOS AFRO BRAS    28021810 000007
10231987175000168916200163100    00009060                     000090600000000000000109                     I019060      28021800000000040003410000017N230118104700000000000102802180000000000000000000000000000000000000000100005234258726LUANNA RODRIGUES NASCIMENTO LO          RUA HERACLITO BUSQUET                   TABORDA     28680000CACHOEIRA DE MARJUNIAO UMB DOS CULTOS AFRO BRAS    28021810 000008
10231987175000168916200163100    00009059                     000090590000000000000109                     I019059      28021800000000040003410000017N230118104700000000000102802180000000000000000000000000000000000000000100005770480742NARAYAMA MARTINS RODRIGUES LOU          RUA HERACLITO BUSQUET                   TABORDA     28680000CACHOEIRA DE MARJUNIAO UMB DOS CULTOS AFRO BRAS    28021810 000009
10231987175000168916200163100    00009058                     000090580000000000000109                     I019058      28021800000000040003410000017N230118104700000000000102802180000000000000000000000000000000000000000100002965368736REGINA CONCEICAO                        AVENIDA BOQUEIRAO                       BOA VISTA   28680000CACHOEIRA DE MARJUNIAO UMB DOS CULTOS AFRO BRAS    28021810 000010
10231987175000168916200163100    00009057                     000090570000000000000109                     I019057      28021800000000035003410000017N230118104700000000000102802180000000000000000000000000000000000000000100002331392730ANA MARIA DOS SANTOS VIEIRA             RUA CRUZ DE SOUZA                       CARMARY POSS26022281NOVA IGUACU    RJUNIAO UMB DOS CULTOS AFRO BRAS    28021810 000011
10231987175000168916200163100    00009056                     000090560000000000000109                     I019056      28021800000000035003410000017N230118104700000000000102802180000000000000000000000000000000000000000100043076327704MARIA AMELIA RIBEIRO                    RUA: GENTIL DE ALMEIDA                  HONORIO GURG21511110RIO DE JANEIRO RJUNIAO UMB DOS CULTOS AFRO BRAS    28021810 000012
10231987175000168916200163100    00009055                     000090550000000000000109                     I019055      20021800000000300003410000017N230118104700000000000102002180000000000000000000000000000000000000000100040068023820INGRID DANIELA FERREIRA                 RUA JOSE GARCIA DE CARVALHO             JARDIM ARIAN16400460LINS           SPUNIAO UMB DOS CULTOS AFRO BRAS    20021810 000013
10231987175000168916200163100    00009054                     000090540000000000000109                     I019054      20021800000000700003410000017N230118104700000000000102002180000000000000000000000000000000000000000100000993569706NELSON LUCIANO DE CASTRO                RUA: PROJETADA S/N                      ITATIQUARA -28970000ARARUAMA       RJUNIAO UMB DOS CULTOS AFRO BRAS    20021810 000014
10231987175000168916200163100    00009053                     000090530000000000000109                     I019053      20021800000000700003410000017N230118104700000000000102002180000000000000000000000000000000000000000100097128830782ANA CLAUDIA DIAS                        RUA EXPEDICIONARIO PEDRO GRACIANO MOREIRALMERINDA   24742010SAO GONCALO    RJUNIAO UMB DOS CULTOS AFRO BRAS    20021810 000015
10231987175000168916200163100    00009052                     000090520000000000000109                     I019052      30011800000000105003410000017N220118104700000000000103001180000000000000000000000000000000000000000100015295681700MICHEL FERNANDES BASTOS CRESPO          RUA ROSANGELA TOSTES LOTE 8 QD 21       PARQUE FLUMI26185260BELFORD ROXO   RJUNIAO UMB DOS CULTOS AFRO BRAS    30011810 000016
10231987175000168916200163100    00009051                     000090510000000000000109                     I019051      30011800000000455003410000017N220118104700000000000103001180000000000000000000000000000000000000000100085953407734CARLA MARIA FERREIRA DA SILVA           RUA: JOSE MARIA DO AMARAL N 40          GUARATIBA - 23028120RIO DE JANEIRO RJUNIAO UMB DOS CULTOS AFRO BRAS    30011810 000017
10231987175000168916200163100    00008901                     000089010000000000000109                     I028901      31011800000000035003410000017N020118104700000000000103101180000000000000000000000000000000000000000100015116578712RAFAEL DE LIMA FALCAO                   RUA BARRA DO CHOCA N 63                 GUARATIBA - 23028510RIO DE JANEIRO RJUNIAO UMB DOS CULTOS AFRO BRAS    31011810 000018
10231987175000168916200163100    00008842                     000088420000000000000109                     I028842      31011800000000035003410000017N020118104700000000000103101180000000000000000000000000000000000000000100096322888749DAUREMA CONCEICAO DOCASAR SERA          RUA CORONEL SILVIO LISBOA DA CUNHA, 20  NOSSA SENHOR25964340TERESOPOLIS    RJUNIAO UMB DOS CULTOS AFRO BRAS    31011810 000019
10231987175000168916200163100    00008690                     000086900000000000000109                     I028690      31011800000000035003410000017N020118104700000000000103101180000000000000000000000000000000000000000100097181935704ANDREA MARTINS SANTANA                  RUA AMANDIU, 344                        IRAJA - RIO 21371440RIO DE JANEIRO RJUNIAO UMB DOS CULTOS AFRO BRAS    31011810 000020
10231987175000168916200163100    00008688                     000086880000000000000109                     I028688      31011800000000035003410000017N020118104700000000000103101180000000000000000000000000000000000000000100005736163705SONIA MARQUES DE OLIVEIRA               RUA AMERICO ALVES DA COSTA, LOTE 28 QUADPIRATININGA 24350350NITEROI        RJUNIAO UMB DOS CULTOS AFRO BRAS    31011810 000021
10231987175000168916200163100    00008674                     000086740000000000000109                     I028674      31011800000000035003410000017N020118104700000000000103101180000000000000000000000000000000000000000100096161736772EDILEA APARECIDA MATTOS                 RUA GERALDO MARTINS, 75 APTO 1504       ICARAI - NIT24220380NITEROI        RJUNIAO UMB DOS CULTOS AFRO BRAS    31011810 000022
10231987175000168916200163100    00008673                     000086730000000000000109                     I028673      31011800000000035003410000017N020118104700000000000103101180000000000000000000000000000000000000000100008676289794ROSANGELA MONTES BARBOSA DA SI          RUA MENDEL CARDOSO DE MATOS, 7          CONJ. BOA ES26297009NOVA IGUACU    RJUNIAO UMB DOS CULTOS AFRO BRAS    31011810 000023
10231987175000168916200163100    00008652                     000086520000000000000109                     I028652      31011800000000035003410000017N020118104700000000000103101180000000000000000000000000000000000000000100053112032772SERGIO RITO FRANCISCO DA SILVA          AV JOAO XXIII RUA 17, 148 CASA 1 E 2    CONJ. NOVO M23565230RIO DE JANEIRO RJUNIAO UMB DOS CULTOS AFRO BRAS    31011810 000024
10231987175000168916200163100    00008631                     000086310000000000000109                     I028631      31011800000000035003410000017N020118104700000000000103101180000000000000000000000000000000000000000100008228737700JOCEMAR VIANA TORRES                    RUA LORETO DO COUTO, 281                GUADALUPE   21675520RIO DE JANEIRO RJUNIAO UMB DOS CULTOS AFRO BRAS    31011810 000025
10231987175000168916200163100    00008548                     000085480000000000000109                     I028548      31011800000000035003410000017N020118104700000000000103101180000000000000000000000000000000000000000100000129820750JONAS DE SOUZA FERREIRA                 RUA RIACHO DOCE N 88                    OSWALDO CRUZ21340340RIO DE JANEIRO RJUNIAO UMB DOS CULTOS AFRO BRAS    31011810 000026
10231987175000168916200163100    00008486                     000084860000000000000109                     I028486      31011800000000035003410000017N020118104700000000000103101180000000000000000000000000000000000000000100059463376704MARIA DA PENHA AZEVEDO SANTOS           RUA ITABIRA, 784                        VILA ITAMARA25070260DUQUE DE CAXIASRJUNIAO UMB DOS CULTOS AFRO BRAS    31011810 000027
10231987175000168916200163100    00008455                     000084550000000000000109                     I028455      31011800000000035003410000017N020118104700000000000103101180000000000000000000000000000000000000000100010120070731GABRIEL LAERTE DA SILVA                 ESTRADA DE MADUREIRA, 2025              MARIPICU - N26365220NOVA IGUACU    RJUNIAO UMB DOS CULTOS AFRO BRAS    31011810 000028
10231987175000168916200163100    00008437                     000084370000000000000109                     I028437      31011800000000035003410000017N020118104700000000000103101180000000000000000000000000000000000000000100000259523747MONICA VALERIA DE JESUS OLIVEI          RUA IANDU, 63                           IRAJA - RJ  21220340RIO DE JANEIRO RJUNIAO UMB DOS CULTOS AFRO BRAS    31011810 000029
10231987175000168916200163100    00004716                     000047160000000000000109                     I024716      30121700000000350003410000017N041217104700000000000103012170000000000000000000000000000000000000000100007459837741LUIZ CARLOS CARDOSO                     O MESMO                                 O MESMO     25917040MAGE           RJUNIAO UMB DOS CULTOS AFRO BRAS    30121710 000030
10231987175000168916200163100    00004529                     000045290000000000000109                     I024529      22121700000000350003410000017N171117104700000000000102212170000000000000000000000000000000000000000100005828675761THAYS DE FATIMA FERREIRA GOMES          ESTRADA GENERAL AFONSO DE CARVALHO N 989PADRE MIGUEL21725020RIO DE JANEIRO RJUNIAO UMB DOS CULTOS AFRO BRAS    22121710 000031
10231987175000168916200163100    00004371                     000043710000000000000109                     I024371      22121700000000350003410000017N171117104700000000000102212170000000000000000000000000000000000000000100004150910715IVONICE DA CONCEICAO                    AVENIDA DON HELDER CAMARA N 6789 CASA 15PILARES - RI20751000RIO DE JANEIRO RJUNIAO UMB DOS CULTOS AFRO BRAS    22121710 000032
10231987175000168916200163100    00004266                     000042660000000000000109                     I024266      22121700000000350003410000017N171117104700000000000102212170000000000000000000000000000000000000000100000556390709ANNA MENDONCA BORGES                    RUA I, LOTEAMENTO SAO SEBASTIAO, 1089   FRAGOSO - MA25935486MAGE           RJUNIAO UMB DOS CULTOS AFRO BRAS    22121710 000033
10231987175000168916200163100    00004252                     000042520000000000000109                     I024252      22121700000000350003410000017N171117104700000000000102212170000000000000000000000000000000000000000100002415896730ROSIELMA SANTOS SOUZA                   RUA MONDEGO, 78                         RICARDO DE A21665130RIO DE JANEIRO RJUNIAO UMB DOS CULTOS AFRO BRAS    22121710 000034
10231987175000168916200163100    00004242                     000042420000000000000109                     I024242      22121700000000350003410000017N171117104700000000000102212170000000000000000000000000000000000000000100095055606720MATILDES VIANA DA COSTA                 RUA MANUEL NOGUEIRA, 312                MUTUA - SAO 24460380SAO GONCALO    RJUNIAO UMB DOS CULTOS AFRO BRAS    22121710 000035
10231987175000168916200163100    00004164                     000041640000000000000109                     I024164      22121700000000350003410000017N171117104700000000000102212170000000000000000000000000000000000000000100012745403729BENEDITA CIRLEIDE RODRIGUES BR          RUA JOAO FLORIANO, 301 QUADRA 97 LOTE 25JD CATARINA 24717520SAO GONCALO    RJUNIAO UMB DOS CULTOS AFRO BRAS    22121710 000036
10231987175000168916200163100    00004014                     000040140000000000000109                     I024014      22121700000000350003410000017N171117104700000000000102212170000000000000000000000000000000000000000100005776594723WALACE RODRIGUES                        ESTRADA: DOS TEIXEIRAS Nº 405, RUA 4 CATAQUARA - JA22423205RIO DE JANEIRO RJUNIAO UMB DOS CULTOS AFRO BRAS    22121710 000037
10231987175000168916200163100    00003941                     000039410000000000000109                     I023941      22121700000000350003410000017N171117104700000000000102212170000000000000000000000000000000000000000100002871832706VILMA LUCI PENEDO DOS SANTOS            RUA OLINDA, SN QUADRA E LOTE 1          LAGOINHA - N26296453NOVA IGUACU    RJUNIAO UMB DOS CULTOS AFRO BRAS    22121710 000038
10231987175000168916200163100    00003886                     000038860000000000000109                     I343886      22121700000000350003410000017N171117104700000000000102212170000000000000000000000000000000000000000100004523584770LUIZ FERNANDES HASSELMANN               ESTRADA PROENCA, LOTE 3 QUADRA B N      ENGENHEIRO P26475520RIO DE JANEIRO RJUNIAO UMB DOS CULTOS AFRO BRAS    22121710 000039
10231987175000168916200163100    00003807                     000038070000000000000109                     I023807      22121700000000350003410000017N171117104700000000000102212170000000000000000000000000000000000000000100002134169729ALEXANDRE DE ALMEIDA                    RUA SERITINGA, 105 BLOCO 5 APTO 108 FUNDBRAS DE PINA21215480RIO DE JANEIRO RJUNIAO UMB DOS CULTOS AFRO BRAS    22121710 000040
10231987175000168916200163100    00003791                     000037910000000000000109                     I023791      22121700000000350003410000017N171117104700000000000102212170000000000000000000000000000000000000000100000255430752JUACIRA ALVES TOTTA                     RUA DOS RUBIS N 519                     ROCHA MIRAND21510011RIO DE JANEIRO RJUNIAO UMB DOS CULTOS AFRO BRAS    22121710 000041
10231987175000168916200163100    00003785                     000037850000000000000109                     I023785      22121700000000350003410000017N171117104700000000000102212170000000000000000000000000000000000000000100088046060704NATALINA DE JESUS PEREIRA DE O          RUA SAPOPEMBA N 524                     BENTO RIBEIR21331240RIO DE JANEIRO RJUNIAO UMB DOS CULTOS AFRO BRAS    22121710 000042
10231987175000168916200163100    00003755                     000037550000000000000109                     I023755      22121700000000350003410000017N171117104700000000000102212170000000000000000000000000000000000000000100006935690773ELAINE DA COSTA MARTINS                 O MESMO                                 O MESMO     25220407DUQUE DE CAXIASRJUNIAO UMB DOS CULTOS AFRO BRAS    22121710 000043
10231987175000168916200163100    00003687                     000036870000000000000109                     I023687      22121700000000350003410000017N171117104700000000000102212170000000000000000000000000000000000000000100080499306724ANA CLAUDIA DE SOUZA RODRIGUES          RUA CRAVEIRO DE SA,183                  PARADA DE LU21250490RIO DE JANEIRO RJUNIAO UMB DOS CULTOS AFRO BRAS    22121710 000044
10231987175000168916200163100    00003620                     000036200000000000000109                     I023620      22121700000000350003410000017N171117104700000000000102212170000000000000000000000000000000000000000100097226165791CELSO MATTOS FERREIRA                   RUA SETENTA E UM, LOTE 1 QUADRA 86      CAMPO GRANDE23097535RIO DE JANEIRO RJUNIAO UMB DOS CULTOS AFRO BRAS    22121710 000045
10231987175000168916200163100    00003525                     000035250000000000000109                     I023525      22121700000000350003410000017N171117104700000000000102212170000000000000000000000000000000000000000100003341741738CASSIA GOMES CASTORINO                  RUA: COMENDADOR CRISOSTEMO CRUZ LOTE 13 STª MARIA -26165400BELFORD ROXO   RJUNIAO UMB DOS CULTOS AFRO BRAS    22121710 000046
10231987175000168916200163100    00003420                     000034200000000000000109                     I023420      22121700000000350003410000017N171117104700000000000102212170000000000000000000000000000000000000000100002036570712ANDREIA SANTANNA DO NASCIMENTO          O MESMO                                 O MESMO     25570190SAO JOAO DE MERRJUNIAO UMB DOS CULTOS AFRO BRAS    22121710 000047
10231987175000168916200163100    00003406                     000034060000000000000109                     I023406      22121700000000350003410000017N171117104700000000000102212170000000000000000000000000000000000000000100063441314700AMARA DE CARVALHO DANIEL                RUA FREDERICO LEAL N 146 CASA 2         BANGU - RIO 21825110RIO DE JANEIRO RJUNIAO UMB DOS CULTOS AFRO BRAS    22121710 000048
10231987175000168916200163100    00003398                     000033980000000000000109                     I023398      22121700000000350003410000017N171117104700000000000102212170000000000000000000000000000000000000000100073518573772MERCIA DO NASCIMENTO CAVALCANT          RUA BERNARDO MONTEIRO, LT 62 QD 151     JARDIM OLAVO25025320DUQUE DE CAXIASRJUNIAO UMB DOS CULTOS AFRO BRAS    22121710 000049
10231987175000168916200163100    00003249                     000032490000000000000109                     I023249      22121700000000350003410000017N171117104700000000000102212170000000000000000000000000000000000000000100050713558768ANILSON DA SILVA                        TRAVESSA HELENA, CASA 19 ENTRADA 217    REALENGO - R21760620RIO DE JANEIRO RJUNIAO UMB DOS CULTOS AFRO BRAS    22121710 000050
10231987175000168916200163100    00003210                     000032100000000000000109                     I023210      22121700000000350003410000017N171117104700000000000102212170000000000000000000000000000000000000000100004792985722MARIA LUIZA BONIFACIO DA SILVA          RUA SAO MARIANO SCOTT, 63               PRACA SECA -21321290RIO DE JANEIRO RJUNIAO UMB DOS CULTOS AFRO BRAS    22121710 000051
10231987175000168916200163100    00003080                     000030800000000000000109                     I023080      31121700000000035003410000017N131117104700000000000103112170000000000000000000000000000000000000000100005828675761THAYS DE FATIMA FERREIRA GOMES          ESTRADA GENERAL AFONSO DE CARVALHO N 989PADRE MIGUEL21725020RIO DE JANEIRO RJUNIAO UMB DOS CULTOS AFRO BRAS    31121710 000052
10231987175000168916200163100    00002800                     000028000000000000000109                     I022800      31121700000000035003410000017N131117104700000000000103112170000000000000000000000000000000000000000100002415896730ROSIELMA SANTOS SOUZA                   RUA MONDEGO, 78                         RICARDO DE A21665130RIO DE JANEIRO RJUNIAO UMB DOS CULTOS AFRO BRAS    31121710 000053
10231987175000168916200163100    00002709                     000027090000000000000109                     I022709      31121700000000035003410000017N131117104700000000000103112170000000000000000000000000000000000000000100012745403729BENEDITA CIRLEIDE RODRIGUES BR          RUA JOAO FLORIANO, 301 QUADRA 97 LOTE 25JD CATARINA 24717520SAO GONCALO    RJUNIAO UMB DOS CULTOS AFRO BRAS    31121710 000054
10231987175000168916200163100    00002303                     000023030000000000000109                     I022303      31121700000000035003410000017N131117104700000000000103112170000000000000000000000000000000000000000100000255430752JUACIRA ALVES TOTTA                     RUA DOS RUBIS N 519                     ROCHA MIRAND21510011RIO DE JANEIRO RJUNIAO UMB DOS CULTOS AFRO BRAS    31121710 000055
10231987175000168916200163100    00002267                     000022670000000000000109                     I022267      31121700000000035003410000017N131117104700000000000103112170000000000000000000000000000000000000000100006935690773ELAINE DA COSTA MARTINS                 O MESMO                                 O MESMO     25220407DUQUE DE CAXIASRJUNIAO UMB DOS CULTOS AFRO BRAS    31121710 000056
10231987175000168916200163100    00002199                     000021990000000000000109                     I022199      31121700000000035003410000017N131117104700000000000103112170000000000000000000000000000000000000000100080499306724ANA CLAUDIA DE SOUZA RODRIGUES          RUA CRAVEIRO DE SA,183                  PARADA DE LU21250490RIO DE JANEIRO RJUNIAO UMB DOS CULTOS AFRO BRAS    31121710 000057
10231987175000168916200163100    00001927                     000019270000000000000109                     I021927      31121700000000035003410000017N131117104700000000000103112170000000000000000000000000000000000000000100002036570712ANDREIA SANTANNA DO NASCIMENTO          O MESMO                                 O MESMO     25570190SAO JOAO DE MERRJUNIAO UMB DOS CULTOS AFRO BRAS    31121710 000058
10231987175000168916200163100    00001913                     000019130000000000000109                     I021913      31121700000000035003410000017N131117104700000000000103112170000000000000000000000000000000000000000100063441314700AMARA DE CARVALHO DANIEL                RUA FREDERICO LEAL N 146 CASA 2         BANGU - RIO 21825110RIO DE JANEIRO RJUNIAO UMB DOS CULTOS AFRO BRAS    31121710 000059
10231987175000168916200163100    00001628                     000016280000000000000109                     I021628      20121700000000350003410000017N301017104700000000000102012170000000000000000000000000000000000000000100043224164700CLEUZA LORETTE GONCALVES                RUA EMILIA RIBEIRO, 91 A                BENTO RIBEIR21550530RIO DE JANEIRO RJUNIAO UMB DOS CULTOS AFRO BRAS    20121710 000060
9                                                                                                                                                                                                                                                                                                                                                                                                         000061
