01REMESSA01COBRANCA       817800093673        União Umb dos Cultos Afro Bra341BANCO ITAU SA  080118                                                                                                                                                                                                                                                                                                      000001
10231987175000168817800093673    00001147                     000011470000000000000109                     I341147      20121700000000340003410000017N241017050900000000000102012170000000000000000000000000000000000000000100044161581491JOSE RAMOS DOS SANTOS                   RUA DO CARMO, 150                       BARAO DE IRI25900000MAGE           RJUNIAO UMB DOS CULTOS AFRO BRAS    20121710 000002
10231987175000168817800093673    00001138                     000011380000000000000109                     I011138      20121700000000340003410000017N241017050900000000000102012170000000000000000000000000000000000000000100032615515772WALDEMIR JOSE ALVES                     RUA FLORIANO DE GODOI, 814 CASA 1       25 DE AGOSTO25085050DUQUE DE CAXIASRJUNIAO UMB DOS CULTOS AFRO BRAS    20121710 000003
10231987175000168817800093673    00001123                     000011230000000000000109                     I341123      20121700000000340003410000017N241017050900000000000102012170000000000000000000000000000000000000000100094984239700FATIMA LIDIA DOS SANTOS LEITE           RUA CLAUDIA, 135                        JARDIM PITOR26265330NOVA IGUACU    RJUNIAO UMB DOS CULTOS AFRO BRAS    20121710 000004
10231987175000168817800093673    00001122                     000011220000000000000109                     I341122      20121700000000400003410000017N241017050900000000000102012170000000000000000000000000000000000000000100026974649720ALCEU GONCALVES                         RUA MAGE  15 QUADRA C  VILA SAO JOAO    SAO JOAO DE 25570672RIO DE JANEIRO RJUNIAO UMB DOS CULTOS AFRO BRAS    20121710 000005
10231987175000168817800093673    00001120                     000011200000000000000109                     I341120      20121700000000340003410000017N241017050900000000000102012170000000000000000000000000000000000000000100083140085753LEA MARIA DE SANTANNA                   RUA CALIGULA, LOTE 19 QUADRA 18         JARDIM GLAUC26193411BELFORD ROXO   RJUNIAO UMB DOS CULTOS AFRO BRAS    20121710 000006
10231987175000168817800093673    00001118                     000011180000000000000109                     I011118      20121700000000350003410000017N241017050900000000000102012170000000000000000000000000000000000000000100076571122715MARLI MENDES DE OLIVEIRA                RUA CORUMBAIBA, 850 - PEDREGOSO         CAMPO GRANDE23095290RIO DE JANEIRO RJUNIAO UMB DOS CULTOS AFRO BRAS    20121710 000007
10231987175000168817800093673    00001105                     000011050000000000000109                     I011105      20121700000000340003410000017N241017050900000000000102012170000000000000000000000000000000000000000100084964910725LIA MARIA DA SILVA                      RUA LUIZ QUEIROZ DE NOGUEIRA, LOTE 26 QUCOLUBANDE - 24744020SAO GONCALO    RJUNIAO UMB DOS CULTOS AFRO BRAS    20121710 000008
10231987175000168817800093673    00001087                     000010870000000000000109                     I341087      20121700000000300003410000017N241017050900000000000102012170000000000000000000000000000000000000000100026711494768VALDICEIA DE OLIVEIRA FONTES            RUA SARGENTO GERALDO BERTI, CASA 4 QUADRPALMARES - P23066050RIO DE JANEIRO RJUNIAO UMB DOS CULTOS AFRO BRAS    20121710 000009
10231987175000168817800093673    00001086                     000010860000000000000109                     I011086      20121700000000340003410000017N241017050900000000000102012170000000000000000000000000000000000000000100054058295791BEATRIZ MARIA DE OLIVEIRA BARB          RUA CORITIBA, 86 APTO 201 - COND. ABACATPR. ITAPOA -29101691VILA VELHA     ESUNIAO UMB DOS CULTOS AFRO BRAS    20121710 000010
10231987175000168817800093673    00001082                     000010820000000000000109                     I341082      20121700000000340003410000017N241017050900000000000102012170000000000000000000000000000000000000000100028003098734NILDA MARIA GOMES DE LIMA               AVENIDA CANAL, LOTE 14 QUARDA D CASA 1  VILAR DOS TE25560510SAO JOAO DE MERRJUNIAO UMB DOS CULTOS AFRO BRAS    20121710 000011
10231987175000168817800093673    00001071                     000010710000000000000109                     I341071      20121700000000340003410000017N241017050900000000000102012170000000000000000000000000000000000000000100010435224760LENILDA VIEIRA DE BRITO DO CAR          RUA ENORA, 92 CASA 6                    ACARI - RIO 21531300RIO DE JANEIRO RJUNIAO UMB DOS CULTOS AFRO BRAS    20121710 000012
10231987175000168817800093673    00001069                     000010690000000000000109                     I341069      20121700000000300003410000017N241017050900000000000102012170000000000000000000000000000000000000000100092239587768JURACIARA FERREIRA DOS SANTOS           RUA TORIBA, 620                         COLEGIO - RI21545260RIO DE JANEIRO RJUNIAO UMB DOS CULTOS AFRO BRAS    20121710 000013
10231987175000168817800093673    00001059                     000010590000000000000109                     I341059      20121700000000300003410000017N241017050900000000000102012170000000000000000000000000000000000000000100007468564744SEBASTIAO LEANDRO CARDOSO               RUA SANTO SATURNINO, 308                INHOAIBA - C23062190RIO DE JANEIRO RJUNIAO UMB DOS CULTOS AFRO BRAS    20121710 000014
10231987175000168817800093673    00001058                     000010580000000000000109                     I011058      20121700000000340003410000017N241017050900000000000102012170000000000000000000000000000000000000000100001199847763RONALDO BIANCARDI                       RUA MONTE SIAO, LOTE 4 CASA 2           CIDADE DE DE22770370RIO DE JANEIRO RJUNIAO UMB DOS CULTOS AFRO BRAS    20121710 000015
10231987175000168817800093673    00001053                     000010530000000000000109                     I341053      20121700000000340003410000017N241017050900000000000102012170000000000000000000000000000000000000000100087231999700MARIA DOS PRAZERES MENEZES DOS          RUA ALMIRANTE TAMANDARE, 126            CIDADE NOVA 24325330NILOPOLIS      RJUNIAO UMB DOS CULTOS AFRO BRAS    20121710 000016
10231987175000168817800093673    00001030                     000010300000000000000109                     I021030      20121700000000340003410000017N241017050900000000000102012170000000000000000000000000000000000000000100097765791753TEREZINHA DOS SANTOS CASTRO             RUA PROFESSOR SILVIO LEITE, 96          TAQUARA - JP22715070RIO DE JANEIRO RJUNIAO UMB DOS CULTOS AFRO BRAS    20121710 000017
10231987175000168817800093673    00001028                     000010280000000000000109                     I011028      20121700000000340003410000017N241017050900000000000102012170000000000000000000000000000000000000000100058214844720EVERALDO ALMEIDA DE ANDRADE             RUA: PASTOR SEABRA MATIAS DE PRATA Nº 2NOVA AURORA 26155290NOVA IGUACU    RJUNIAO UMB DOS CULTOS AFRO BRAS    20121710 000018
10231987175000168817800093673    0000996                      000009960000000000000109                     I02996       30111700000000250003410000017N191017050900000000000103011170000000000000000000000000000000000000000201763784000172JURACY DE JESUS MONTEZANO               RUA COMANDANTE ALVARENGA, 236 PORTO VELHGRADIN - SAO24431180SAO GONCALO    RJUNIAO UMB DOS CULTOS AFRO BRAS    30111710 000019
10231987175000168817800093673    0000995                      000009950000000000000109                     I02995       30111700000000035003410000017N191017050900000000000103011170000000000000000000000000000000000000000100081891423720MAURO DINIZ                             RUA CINQUENTA E UM, LT 10 QDA 194 CASA 2JARDIM ATLAN24934625MARICA         RJUNIAO UMB DOS CULTOS AFRO BRAS    30111710 000020
10231987175000168817800093673    0000991                      000009910000000000000109                     I02991       20111700000000340003410000017N181017050900000000000102011170000000000000000000000000000000000000000100002051058741CRISTIANE SANTANA GURGEL CORTE          RUA  JONAS AMANCIO, 160  - AMANDA       CAMPO GRANDE23092710RIO DE JANEIRO RJUNIAO UMB DOS CULTOS AFRO BRAS    20111710 000021
10231987175000168817800093673    0000984                      000009840000000000000109                     I34984       20121700000000340003410000017N171017050900000000000102012170000000000000000000000000000000000000000100033890145787ADEMILSON ANTONIO DE MENEZES            RUA ALMEIDA JUNIOR, 50                  PANTANAL - D25041390DUQUE DE CAXIASRJUNIAO UMB DOS CULTOS AFRO BRAS    20121710 000022
10231987175000168817800093673    0000979                      000009790000000000000109                     I34979       20121700000000340003410000017N171017050900000000000102012170000000000000000000000000000000000000000100091849608768DENISE GOMES DA SILVA RANGEL N          AVENIDA CANAL, 24 APTO 203              VILA LAGE - 24415100SAO GONCALO    RJUNIAO UMB DOS CULTOS AFRO BRAS    20121710 000023
10231987175000168817800093673    0000961                      000009610000000000000109                     I34961       20121700000000340003410000017N171017050900000000000102012170000000000000000000000000000000000000000100044869819791MARIO GOMES DA SILVA FILHO              RUA ANTONIO MUNIZ MACHADO N 536 - CENTROSAO JOAO DE 25515160SAO JOAO DE MERRJUNIAO UMB DOS CULTOS AFRO BRAS    20121710 000024
10231987175000168817800093673    0000947                      000009470000000000000109                     I34947       20121700000000340003410000017N171017050900000000000102012170000000000000000000000000000000000000000100004283641790GERAILTON ALVES DE OLIVEIRA             RUA VERISSIMO MACHADO                   ROCHA MIRAND21545060RIO DE JANEIRO RJUNIAO UMB DOS CULTOS AFRO BRAS    20121710 000025
10231987175000168817800093673    0000935                      000009350000000000000109                     I34935       20121700000000340003410000017N171017050900000000000102012170000000000000000000000000000000000000000100088179273768ISABELA CAMPOS DO ROSARIO               RUA GENERAL ROCA LOTE 19 QUADRA 70      PANTANAL - D25040335DUQUE DE CAXIASRJUNIAO UMB DOS CULTOS AFRO BRAS    20121710 000026
10231987175000168817800093673    0000917                      000009170000000000000109                     I02917       20121700000000400003410000017N171017050900000000000102012170000000000000000000000000000000000000000100058369473768INDIODIRIA SANTANA DA SILVA             RUA LUIZ CARLOS DE OLIVEIRA 666         MIGUEL COUTO26070209NOVA IGUACU    RJUNIAO UMB DOS CULTOS AFRO BRAS    20121710 000027
10231987175000168817800093673    0000910                      000009100000000000000109                     I34910       20121700000000340003410000017N171017050900000000000102012170000000000000000000000000000000000000000100036876585700REGIS MARIA MATHEUS                     RUA PIRANGUINHO, 290                    BANGU - RIO 21863360RIO DE JANEIRO RJUNIAO UMB DOS CULTOS AFRO BRAS    20121710 000028
10231987175000168817800093673    0000892                      000008920000000000000109                     I34892       20121700000000400003410000017N171017050900000000000102012170000000000000000000000000000000000000000100003233654774EDMEA DE SOUZA BAPTISTA                 RUA MANUEL SERRAO 92                    ANTONINA  SA24455025SAO GONCALO    RJUNIAO UMB DOS CULTOS AFRO BRAS    20121710 000029
10231987175000168817800093673    0000880                      000008800000000000000109                     I34880       20121700000000340003410000017N171017050900000000000102012170000000000000000000000000000000000000000100058876197753JOSE LUIZ HONORIO DA SILVA              RUA LARANJEIRAS, 45                     JARDIM PALMA26277705RIO DE JANEIRO RJUNIAO UMB DOS CULTOS AFRO BRAS    20121710 000030
10231987175000168817800093673    0000878                      000008780000000000000109                     I34878       20121700000000300003410000017N171017050900000000000102012170000000000000000000000000000000000000000100005319073763ROSEVALTER DAVIS DA SILVA               RUA GOINDIRA, 67                        VILA EMA - D25266070DUQUE CAXIAS   RJUNIAO UMB DOS CULTOS AFRO BRAS    20121710 000031
10231987175000168817800093673    0000864                      000008640000000000000109                     I34864       20121700000000300003410000017N171017050900000000000102012170000000000000000000000000000000000000000100081214863787EDNALDO OLIVEIRA DOS SANTOS             RUA DOIS DE JULHO, 6 - 12 DE OUTUBRO    CABUCU - NOV26357970NOVA IGUACU    RJUNIAO UMB DOS CULTOS AFRO BRAS    20121710 000032
10231987175000168817800093673    0000853                      000008530000000000000109                     I34853       20121700000000340003410000017N171017050900000000000102012170000000000000000000000000000000000000000100049275291772ARINETE GARCIA DA PAIXAO                RUA ROBERT DANON, QUADRA 2 LOTES 13 E 14GERARD DANON26042201NOVA IGUACU    RJUNIAO UMB DOS CULTOS AFRO BRAS    20121710 000033
10231987175000168817800093673    0000852                      000008520000000000000109                     I34852       20121700000000340003410000017N171017050900000000000102012170000000000000000000000000000000000000000100066686504734MONICA REGINA SILVA MIRANDA             RUA JORNALISTA HENRIQUE CORDEIRO, 350 BLBARRA DA TIJ22631450RIO DE JANEIRO RJUNIAO UMB DOS CULTOS AFRO BRAS    20121710 000034
10231987175000168817800093673    0000850                      000008500000000000000109                     I02850       05011800000000340003410000017N171017050900000000000100501180000000000000000000000000000000000000000100047171322704EUCEA GONCALVES BRANDAO                 RUA PEREIRA DE FIGUEIREDO, 280          OSWALDO CRUZ21341030RIO DE JANEIRO RJUNIAO UMB DOS CULTOS AFRO BRAS    05011810 000035
10231987175000168817800093673    0000835                      000008350000000000000109                     I34835       20121700000000340003410000017N171017050900000000000102012170000000000000000000000000000000000000000100034122877768JANE FERNANDES IZIDORO DA SILV          RUA INHAMUNS, 85 CASA 7                 VILA VALQUEI21321330RIO DE JANEIRO RJUNIAO UMB DOS CULTOS AFRO BRAS    20121710 000036
10231987175000168817800093673    0000824                      000008240000000000000109                     I34824       20121700000000300003410000017N171017050900000000000102012170000000000000000000000000000000000000000100000680271767FRANCISCO DE BARROS SILVA               ESTRADA XEREM, 879 CASA 31 - PARQUE BARAXEREM - DUQU25250623DUQUE DE CAXIASRJUNIAO UMB DOS CULTOS AFRO BRAS    20121710 000037
10231987175000168817800093673    0000819                      000008190000000000000109                     I34819       20121700000000340003410000017N171017050900000000000102012170000000000000000000000000000000000000000100005634227771BRUNO MACHADO TETE                      RUA SANATORIO, 173                      MADUREIRA   21350191RIO DE JANEIRO RJUNIAO UMB DOS CULTOS AFRO BRAS    20121710 000038
10231987175000168817800093673    0000818                      000008180000000000000109                     I34818       20121700000000350003410000017N171017050900000000000102012170000000000000000000000000000000000000000100082758450763ISAURA FELICIANO DE PAULA               RUA LEAO XIII, 38                       CERAMICA    26031400NOVA IGUACU    RJUNIAO UMB DOS CULTOS AFRO BRAS    20121710 000039
10231987175000168817800093673    0000802                      000008020000000000000109                     I01802       20121700000000340003410000017N171017050900000000000102012170000000000000000000000000000000000000000100009527172713FABIANA DA SILVA FERNANDES              RUA ITAPACI, 56 CASA A                  COSMOS - RJ 23060440RIO DE JANEIRO RJUNIAO UMB DOS CULTOS AFRO BRAS    20121710 000040
10231987175000168817800093673    0000790                      000007900000000000000109                     I34790       20121700000000340003410000017N171017050900000000000102012170000000000000000000000000000000000000000100062690965704MARCIA SOLANGE LOPES DA SILVA           AV. VICENTE DE CARVALHO, 1086 RUA B BLOCVICENTE DE C21210000RIO DE JANEIRO RJUNIAO UMB DOS CULTOS AFRO BRAS    20121710 000041
10231987175000168817800093673    0000788                      000007880000000000000109                     I34788       20121700000000340003410000017N171017050900000000000102012170000000000000000000000000000000000000000100047800569772SONIA LOPES RITA                        RUA CARMINDA, 959                       AGOSTINHO PO25550380SAO JOAO DE MERRJUNIAO UMB DOS CULTOS AFRO BRAS    20121710 000042
10231987175000168817800093673    0000784                      000007840000000000000109                     I34784       20121700000000340003410000017N171017050900000000000102012170000000000000000000000000000000000000000100026958538749ANTONIO LUCIO ALVES                     RUA LEMOS DE BRITO, 322                 QUINTINO - R21311380RIO DE JANEIRO RJUNIAO UMB DOS CULTOS AFRO BRAS    20121710 000043
10231987175000168817800093673    0000777                      000007770000000000000109                     I34777       20121700000000300003410000017N171017050900000000000102012170000000000000000000000000000000000000000100075181339700MARIA DA CONCEICAO SANTOS DOS           RUA MANAPA, 75                          VAL VERDE - 26290639NOVA IGUACU    RJUNIAO UMB DOS CULTOS AFRO BRAS    20121710 000044
10231987175000168817800093673    0000775                      000007750000000000000109                     I34775       20121700000000340003410000017N171017050900000000000102012170000000000000000000000000000000000000000100002248879717MARIA DA GLORIA MERLIM MORAES           RUA CRISTIANO OTONI, 83                 COELHO - SAO24740000SAO GONCALO    RJUNIAO UMB DOS CULTOS AFRO BRAS    20121710 000045
10231987175000168817800093673    0000767                      000007670000000000000109                     I02767       20121700000000340003410000017N171017050900000000000102012170000000000000000000000000000000000000000100099225158734MARIA MAGALI DE OLIVEIRA SOUZA          RUA PIRACAIA, 756 FUNDOS                MARECHAL HER21555260RIO DE JANEIRO RJUNIAO UMB DOS CULTOS AFRO BRAS    20121710 000046
10231987175000168817800093673    0000758                      000007580000000000000109                     I34758       20121700000000340003410000017N171017050900000000000102012170000000000000000000000000000000000000000100088526216791SOLANGE DE MEDEIROS BASTOS DOS          RUA ENGENHEIRO GAMA LOBO, 182 APTO 201  VILA ISABEL 20551100RIO DE JANEIRO RJUNIAO UMB DOS CULTOS AFRO BRAS    20121710 000047
10231987175000168817800093673    0000751                      000007510000000000000109                     I34751       20121700000000400003410000017N171017050900000000000102012170000000000000000000000000000000000000000100083946217753FLAVIA EMILIA LEAL DA SILVA BA          RUA GOIAS, 548                          PIEDADE/RJ  20756121RIO DE JANEIRO RJUNIAO UMB DOS CULTOS AFRO BRAS    20121710 000048
10231987175000168817800093673    0000748                      000007480000000000000109                     I34748       20121700000000300003410000017N171017050900000000000102012170000000000000000000000000000000000000000100077406648715MARIZEL NUNES MATHION                   RUA MERCEDES COELHO, 251                COQUEIRAL - 23525100RIO DE JANEIRO RJUNIAO UMB DOS CULTOS AFRO BRAS    20121710 000049
10231987175000168817800093673    0000743                      000007430000000000000109                     I34743       20121700000000300003410000017N171017050900000000000102012170000000000000000000000000000000000000000100039997634772NEWTON JOSE DE REZENDE CORDEIR          RUA ITATI N 430                         COLEGIO - RI21545280RIO DE JANEIRO RJUNIAO UMB DOS CULTOS AFRO BRAS    20121710 000050
10231987175000168817800093673    0000729                      000007290000000000000109                     I34729       20121700000000340003410000017N171017050900000000000102012170000000000000000000000000000000000000000100092820824749CRISTINA FERREIRA DOS SANTOS            RUA MADRE SILVA, 95                     RANCHO FUNDO26051424NOVA IGUACU    RJUNIAO UMB DOS CULTOS AFRO BRAS    20121710 000051
10231987175000168817800093673    0000726                      000007260000000000000109                     I01726       20121700000000400003410000017N171017050900000000000102012170000000000000000000000000000000000000000100006926893705MARIA PINHEIRO DA SILVA FONSEC          RUA BOSTON LOTE 20 QUADRA F             JARDIM NOVA 25571300SAO JOAO DE MERRJUNIAO UMB DOS CULTOS AFRO BRAS    20121710 000052
10231987175000168817800093673    0000709                      000007090000000000000109                     I01709       20121700000000340003410000017N171017050900000000000102012170000000000000000000000000000000000000000100041008154768ELISEU CAMARGO ARTHOU                   ESTRADA DO ENGENHO NOVO N 505 FUNDOS    ANCHIETA    21620241RIO DE JANEIRO RJUNIAO UMB DOS CULTOS AFRO BRAS    20121710 000053
10231987175000168817800093673    0000708                      000007080000000000000109                     I01708       20121700000000340003410000017N171017050900000000000102012170000000000000000000000000000000000000000100015840697753NEA ROGERIO CRUZ                        TRAVESSA RODRIGUES MARQUES N 19         REALENGO - R21715170RIO DE JANEIRO RJUNIAO UMB DOS CULTOS AFRO BRAS    20121710 000054
10231987175000168817800093673    0000701                      000007010000000000000109                     I34701       20121700000000340003410000017N171017050900000000000102012170000000000000000000000000000000000000000100048113956700RINALDA SOARES                          ESTRADA DA GAVEA - TRAVESSA: SILVA, 3 APROCINHA - GA22451262RIO DE JANEIRO RJUNIAO UMB DOS CULTOS AFRO BRAS    20121710 000055
10231987175000168817800093673    0000695                      000006950000000000000109                     I34695       20121700000000340003410000017N171017050900000000000102012170000000000000000000000000000000000000000100009083865754MARIA DA PENHA DA SILVA FONSEC          RUA ABACAI, 65                          OSWALDO CRUZ21340380RIO DE JANEIRO RJUNIAO UMB DOS CULTOS AFRO BRAS    20121710 000056
10231987175000168817800093673    0000692                      000006920000000000000109                     I34692       20121700000000300003410000017N171017050900000000000102012170000000000000000000000000000000000000000100034413936787MARIA DE LOURDES PEREIRA DA SI          RUA AGUIA BRANCA, LOTE 12 QUADRA 70     CAMPO GRANDE23097630RIO DE JANEIRO RJUNIAO UMB DOS CULTOS AFRO BRAS    20121710 000057
10231987175000168817800093673    0000679                      000006790000000000000109                     I02679       20121700000000340003410000017N171017050900000000000102012170000000000000000000000000000000000000000100096337273753GENETE FRAZAO DE OLIVEIRA               RUA APURINAS, 218 CASA 1                TURIACU - RJ21540310RIO DE JANEIRO RJUNIAO UMB DOS CULTOS AFRO BRAS    20121710 000058
10231987175000168817800093673    0000674                      000006740000000000000109                     I02674       20121700000000340003410000017N171017050900000000000102012170000000000000000000000000000000000000000100093440707768EDSON MONTEIRO DE ALMEIDA               RUA JOAQUIM TEIXEIRA, 90 APTO 103       OSVALDO CRUZ21351260RIO DE JANEIRO RJUNIAO UMB DOS CULTOS AFRO BRAS    20121710 000059
10231987175000168817800093673    0000656                      000006560000000000000109                     I34656       20121700000000300003410000017N171017050900000000000102012170000000000000000000000000000000000000000100011469638746ROSALINA PEREIRA CONSTANTINO            RUA TAMIARANA, LOTE 15 QUADRA 50 - JARDIJARDIM SAO F26125760BELFORD ROXO   RJUNIAO UMB DOS CULTOS AFRO BRAS    20121710 000060
10231987175000168817800093673    0000651                      000006510000000000000109                     I01651       20121700000000340003410000017N171017050900000000000102012170000000000000000000000000000000000000000100024392367720ERENITE BARROSO PEREIRA                 RUA FULGENCIO OLEGARIO DANTAS, 75 - BOA BRASILANDIA 24465270SAO GONCALO    RJUNIAO UMB DOS CULTOS AFRO BRAS    20121710 000061
10231987175000168817800093673    0000645                      000006450000000000000109                     I34645       20121700000000340003410000017N171017050900000000000102012170000000000000000000000000000000000000000100040229130704ALCIR PEREIRA REIS                      RUA DA LIBERDADE, 205                   AUSTIN - NOV26396080NOVA IGUACU    RJUNIAO UMB DOS CULTOS AFRO BRAS    20121710 000062
10231987175000168817800093673    0000640                      000006400000000000000109                     I02640       20121700000000340003410000017N171017050900000000000102012170000000000000000000000000000000000000000100034394788749SANDRA TEREZINHA DOS SANTOS FE          RUA: IPITANGAS N 270                    MAGALHAES BA21745400RIO DE JANEIRO RJUNIAO UMB DOS CULTOS AFRO BRAS    20121710 000063
10231987175000168817800093673    0000635                      000006350000000000000109                     I34635       20121700000000340003410000017N171017050900000000000102012170000000000000000000000000000000000000000100045935742772SANDRA ANDRADE DE ARAUJO                AV. MINISTRO EDGARD ROMERO, 679 - VILA EVAZ LOBO    21360202RIO DE JANEIRO RJUNIAO UMB DOS CULTOS AFRO BRAS    20121710 000064
10231987175000168817800093673    0000631                      000006310000000000000109                     I01631       20121700000000300003410000017N171017050900000000000102012170000000000000000000000000000000000000000100028711459700LEA MARIA GOMES FERREIRA                AVENIDA CANAL, 16                       VILAR DOS TE25560510SAO JOAO DE MERRJUNIAO UMB DOS CULTOS AFRO BRAS    20121710 000065
10231987175000168817800093673    0000628                      000006280000000000000109                     I02628       15111700000000700003410000017N171017050900000000000101511170000000000000000000000000000000000000000100013785300719CARLOS HENRIQUE DA CONCEICAO C          O MESMO                                 O MESMO     27113075BARRA DO PIRAI RJUNIAO UMB DOS CULTOS AFRO BRAS    15111710 000066
10231987175000168817800093673    0000623                      000006230000000000000109                     I02623       30111700000000035003410000017N111017050900000000000103011170000000000000000000000000000000000000000100040664325734GENI BARBOSA ROCHA DA SILVA             O MESMO                                 O MESMO     25268020RIO DE JANEIROIRJUNIAO UMB DOS CULTOS AFRO BRAS    30111710 000067
10231987175000168817800093673    0000609                      000006090000000000000109                     I02609       20121700000000400003410000017N101017050900000000000102012170000000000000000000000000000000000000000100007620451157JUCIARA BARRETO DA SILVA                O MESMO                                 O MESMO     25936690MAGE           RJUNIAO UMB DOS CULTOS AFRO BRAS    20121710 000068
10231987175000168817800093673    0000607                      000006070000000000000109                     I34607       20121700000000350003410000017N101017050900000000000102012170000000000000000000000000000000000000000100009839983709CAMILA DA SILVA OLIVEIRA                RUA VITORINO DO AMARAL 189              OLARIA RJ   21073300RIO DE JANEIRO RJUNIAO UMB DOS CULTOS AFRO BRAS    20121710 000069
10231987175000168817800093673    0000604                      000006040000000000000109                     I34604       20121700000000350003410000017N101017050900000000000102012170000000000000000000000000000000000000000100002377869764ANA PAULA OLIVEIRA DE ANDRADE           RUA FERNANDO DA COSTA LOTE 25 QUADRA 9  PARQUE MARTI26183543BELFORD ROXO   RJUNIAO UMB DOS CULTOS AFRO BRAS    20121710 000070
10231987175000168817800093673    0000599                      000005990000000000000109                     I34599       20121700000000340003410000017N101017050900000000000102012170000000000000000000000000000000000000000100072360194704ELAINE DE ALMEIDA FONSECA               RUA VAZ LOBO N 839                      VAZ LOBO - R21361030RIO DE JANEIRO  RUNIAO UMB DOS CULTOS AFRO BRAS    20121710 000071
10231987175000168817800093673    0000590                      000005900000000000000109                     I34590       20121700000000340003410000017N101017050900000000000102012170000000000000000000000000000000000000000100008210877704PRISCILA DAS NEVES COSTA                RUA DA MATA N 3 CASA - ROCINHA          RIO DE JANEI22451262RIO DE JANEIRO RJUNIAO UMB DOS CULTOS AFRO BRAS    20121710 000072
10231987175000168817800093673    0000585                      000005850000000000000109                     I34585       20121700000000340003410000017N101017050900000000000102012170000000000000000000000000000000000000000100008183896727DENIS DE LIMA SANT ANA                  RUA BISPO LACERDA,115 BLOCO 1 APTO 306  DEL CASTILHO21051120RIO DE JANEIRO RJUNIAO UMB DOS CULTOS AFRO BRAS    20121710 000073
10231987175000168817800093673    0000581                      000005810000000000000109                     I34581       20121700000000340003410000017N101017050900000000000102012170000000000000000000000000000000000000000100098867202715JOAO CARLOS DE SOUZA                    RUA MANOEL CUSTODIO DE ALBUQUERQUE, 251 MUNDO NOVO -25903617MAGE           RJUNIAO UMB DOS CULTOS AFRO BRAS    20121710 000074
10231987175000168817800093673    0000576                      000005760000000000000109                     I34576       20121700000000300003410000017N101017050900000000000102012170000000000000000000000000000000000000000100078553555704CREMILDA DO NASCIMENTO                  RUA OITENTA E OITO, 60 - GALEAO         GALEAO - ILH21932797RIO DE JANEIRO RJUNIAO UMB DOS CULTOS AFRO BRAS    20121710 000075
10231987175000168817800093673    0000569                      000005690000000000000109                     I02569       20121700000000340003410000017N101017050900000000000102012170000000000000000000000000000000000000000100001631466755CLAUDIA CRISTINA DE OLIVEIRA M          RUA CAPITAO PIRASSUNUNGA, 109           VILA MERCURI25570560SAO JOAO DE MERRJUNIAO UMB DOS CULTOS AFRO BRAS    20121710 000076
10231987175000168817800093673    0000566                      000005660000000000000109                     I34566       20121700000000340003410000017N101017050900000000000102012170000000000000000000000000000000000000000100002211701701SERGIO LUIZ RIBEIRO ROSA                RUA AMERICO DA ROCHA, 992 CASA 1        MARECHAL HER21555300RIO DE JANEIRO RJUNIAO UMB DOS CULTOS AFRO BRAS    20121710 000077
10231987175000168817800093673    0000554                      000005540000000000000109                     I34554       20121700000000400003410000017N101017050900000000000102012170000000000000000000000000000000000000000100063508966704KATIA REGINA SILVA DE SOUZA             RUA CORUMBA 74                          CARMARI  NOV26021570NOVA IGUACU    RJUNIAO UMB DOS CULTOS AFRO BRAS    20121710 000078
10231987175000168817800093673    0000551                      000005510000000000000109                     I34551       20121700000000340003410000017N101017050900000000000102012170000000000000000000000000000000000000000100055636870744SONIA APARECIDA DE OLIVEIRA             RUA MARIA INES QUEIROZ LOPES, 94        NILOPOLIS   26535300NILOPOLIS      RJUNIAO UMB DOS CULTOS AFRO BRAS    20121710 000079
10231987175000168817800093673    0000548                      000005480000000000000109                     I01548       20121700000000340003410000017N101017050900000000000102012170000000000000000000000000000000000000000100002083733738SELMA ESTEVES DE MORAIS                 RUA PROFESSOR LUIZ CATANHEDE, 77        LARANJEIRAS 22245040RIO DE JANEIRO RJUNIAO UMB DOS CULTOS AFRO BRAS    20121710 000080
10231987175000168817800093673    0000536                      000005360000000000000109                     I34536       20121700000000340003410000017N101017050900000000000102012170000000000000000000000000000000000000000100000676696708VALDENICE PATROCINIO DOS SANTO          RUA IPANEMA, 3192                       COPACABANA -25000360DUQUE DE CAXIASRJUNIAO UMB DOS CULTOS AFRO BRAS    20121710 000081
10231987175000168817800093673    0000529                      000005290000000000000109                     I34529       20121700000000340003410000017N101017050900000000000102012170000000000000000000000000000000000000000100053678230768JOSEFA SILVA DE JESUS                   RUA JAUAPERI, 153                       CASCADURA - 21311260RIO DE JANEIRO RJUNIAO UMB DOS CULTOS AFRO BRAS    20121710 000082
10231987175000168817800093673    0000528                      000005280000000000000109                     I34528       20121700000000340003410000017N101017050900000000000102012170000000000000000000000000000000000000000100002104744750DEISE LUCIA DIAS AUGUSTO                RUA  ALVARO RAMOS, CASA 5 B             CURICICA -JA22713584RIO DE JANEIRO RJUNIAO UMB DOS CULTOS AFRO BRAS    20121710 000083
10231987175000168817800093673    0000524                      000005240000000000000109                     I34524       20121700000000340003410000017N101017050900000000000102012170000000000000000000000000000000000000000100004789058743CESAR ANDRE DA SILVA FERREIRA           RUA SETE DE SETEMBRO, LOTE 15 QUADRA 20 IPIRANGA - N26293486NOVA IGUACU    RJUNIAO UMB DOS CULTOS AFRO BRAS    20121710 000084
10231987175000168817800093673    0000523                      000005230000000000000109                     I34523       20121700000000400003410000017N101017050900000000000102012170000000000000000000000000000000000000000100046367225749JOSE MARINALDO ARAUJO DOS SANT          RUA BELIZARIO PENA, 568                 PARQUE SAO V26178130BELFORD ROXO   RJUNIAO UMB DOS CULTOS AFRO BRAS    20121710 000085
10231987175000168817800093673    0000519                      000005190000000000000109                     I02519       20121700000000400003410000017N101017050900000000000102012170000000000000000000000000000000000000000100003866737726ALESSANDRO ESTRELA RODRIGUES            RUA B 1 SN QD 49 LT 11 - JD GARRIDO     PEDRA DE GUA23026060PEDRA DE GUARATRJUNIAO UMB DOS CULTOS AFRO BRAS    20121710 000086
10231987175000168817800093673    0000507                      000005070000000000000109                     I34507       20121700000000340003410000017N101017050900000000000102012170000000000000000000000000000000000000000100022484701187MARIA LUCIA DOS ANJOS                   RUA CANDIDO BENICIO N 624 CASA 12       CAMPINHO - R21320060RIO DE JANEIRO RJUNIAO UMB DOS CULTOS AFRO BRAS    20121710 000087
10231987175000168817800093673    0000483                      000004830000000000000109                     I34483       20121700000000300003410000017N101017050900000000000102012170000000000000000000000000000000000000000100009082627795LUCIA MARIA DO NASCIMENTO PALM          RUA PAULA BARROS, 276 APTO 101          VILA DA PENH21221420RIO DE JANEIRO RJUNIAO UMB DOS CULTOS AFRO BRAS    20121710 000088
10231987175000168817800093673    0000473                      000004730000000000000109                     I34473       20121700000000340003410000017N101017050900000000000102012170000000000000000000000000000000000000000100027370429768ALBERTO DA SILVA RIBEIRO                RUA PINTO TELES, 614 BLOCO 2 APTO 301   PRACA SECA -21341270RIO DE JANEIRO RJUNIAO UMB DOS CULTOS AFRO BRAS    20121710 000089
10231987175000168817800093673    0000452                      000004520000000000000109                     I34452       20121700000000300003410000017N101017050900000000000102012170000000000000000000000000000000000000000100000846347377CLAUDIA OLIVEIRA DE SOUZA               RUA TENENTE JOSE HERCULINO, 195         VILA JARDIM 23016320RIO DE JANEIRO RJUNIAO UMB DOS CULTOS AFRO BRAS    20121710 000090
10231987175000168817800093673    0000442                      000004420000000000000109                     I34442       20121700000000340003410000017N101017050900000000000102012170000000000000000000000000000000000000000100069765600763JOANA D ARC DA SILVA                    RUA ABILIO SALES TEIXEIRA, 154          JARDIM NOVA 26271050NOVA IGUACU    RJUNIAO UMB DOS CULTOS AFRO BRAS    20121710 000091
10231987175000168817800093673    0000426                      000004260000000000000109                     I34426       20121700000000340003410000017N101017050900000000000102012170000000000000000000000000000000000000000100002403387746MARIA APARECIDA MENDES BARBOSA          RUA: DA JAQUEIRA, 11                    MATO ALTO - 21510290RIO DE JANEIRO RJUNIAO UMB DOS CULTOS AFRO BRAS    20121710 000092
10231987175000168817800093673    0000410                      000004100000000000000109                     I34410       20121700000000340003410000017N101017050900000000000102012170000000000000000000000000000000000000000100077405200710GIOVANE DE SOUZA                        RUA COARACI GENTIL NUNES, 225           GUARATIBA   23032180RIO DE JANEIRO RJUNIAO UMB DOS CULTOS AFRO BRAS    20121710 000093
10231987175000168817800093673    0000392                      000003920000000000000109                     I34392       20121700000000340003410000017N101017050900000000000102012170000000000000000000000000000000000000000100002576674747MINERVINA DOS SANTOS TERRA              AVEIDA JOAO RIBEIRO, 341 APTO 201       PILARES - RI20750092RIO DE JANEIRO RJUNIAO UMB DOS CULTOS AFRO BRAS    20121710 000094
10231987175000168817800093673    0000362                      000003620000000000000109                     I02362       20121700000000300003410000017N101017050900000000000102012170000000000000000000000000000000000000000100086450328304ANA MARIA SOUZA MACIEL                  RUA DOUTOR ANTONIO LEAL, 42             HONORIO GURG21511070RIO DE JANEIRO RJUNIAO UMB DOS CULTOS AFRO BRAS    20121710 000095
10231987175000168817800093673    0000360                      000003600000000000000109                     I34360       20121700000000300003410000017N101017050900000000000102012170000000000000000000000000000000000000000100061154725715REGINA CELIA GOMES DOS SANTOS           RUA CACHAMBI, 46                        CACHAMBI    20775182RIO DE JANEIRO RJUNIAO UMB DOS CULTOS AFRO BRAS    20121710 000096
10231987175000168817800093673    0000349                      000003490000000000000109                     I01349       20121700000000300003410000017N101017050900000000000102012170000000000000000000000000000000000000000100001016102704ANTONIETA DE ALMEIDA PAREDES            AVENIDA PROFESSORA ROMANA GONCALVES, 229ITAIPU - NIT24340090NITEROI        RJUNIAO UMB DOS CULTOS AFRO BRAS    20121710 000097
10231987175000168817800093673    0000322                      000003220000000000000109                     I01322       20121700000000340003410000017N101017050900000000000102012170000000000000000000000000000000000000000100002411217790WANDERLEI DA CONCEICAO LUIZ             RUA PEREIRA DA NOBREGA, 297 CASA 3      MARECHAL HER21610460RIO DE JANEIRO RJUNIAO UMB DOS CULTOS AFRO BRAS    20121710 000098
10231987175000168817800093673    0000317                      000003170000000000000109                     I34317       20121700000000340003410000017N101017050900000000000102012170000000000000000000000000000000000000000100051364476720JOSE DA SILVA BIDES                     TRAVESSA SANTA LUZIA, QUADRA 1 LOTE 31 CVIEGAS - SEN21832307RIO DE JANEIRO RJUNIAO UMB DOS CULTOS AFRO BRAS    20121710 000099
10231987175000168817800093673    0000310                      000003100000000000000109                     I34310       20121700000000340003410000017N101017050900000000000102012170000000000000000000000000000000000000000100075349027700SHEILA LUCIA MARINHO DE OLIVEI          RUA SANTO EDUARDO, 180                  ITAIPU      24355240NITEROI        RJUNIAO UMB DOS CULTOS AFRO BRAS    20121710 000100
10231987175000168817800093673    0000302                      000003020000000000000109                     I34302       20121700000000340003410000017N101017050900000000000102012170000000000000000000000000000000000000000100007017134702MARIA CHRISTOVAN FRANCISCO              RUA ONESIO MANUEL BELARMINO, 48         PARQUE ANCHI21625330RIO DE JANEIRO RJUNIAO UMB DOS CULTOS AFRO BRAS    20121710 000101
10231987175000168817800093673    0000289                      000002890000000000000109                     I34289       20121700000000400003410000017N101017050900000000000102012170000000000000000000000000000000000000000100008834807782MARCELO LINO ISHIMINE                   RUA BARROSO PEREIRA 165                 IRAJA - RJ  21235545RIO DE JANEIRO RJUNIAO UMB DOS CULTOS AFRO BRAS    20121710 000102
10231987175000168817800093673    0000266                      000002660000000000000109                     I34266       20121700000000340003410000017N101017050900000000000102012170000000000000000000000000000000000000000100094682097768ROSALIA DE FATIMA MARTINS RAYB          RUA VINTE E CINCO, 530                  PRAIA DE MAU25930000MAGE           RJUNIAO UMB DOS CULTOS AFRO BRAS    20121710 000103
10231987175000168817800093673    0000253                      000002530000000000000109                     I34253       20121700000000340003410000017N101017050900000000000102012170000000000000000000000000000000000000000100009576204704LUCIANO SILVA DOS SANTOS                RUA JURUBAIBA, 250 FUNDOS               HONORIO GURG21555170RIO DE JANEIRO RJUNIAO UMB DOS CULTOS AFRO BRAS    20121710 000104
10231987175000168817800093673    0000252                      000002520000000000000109                     I34252       20121700000000300003410000017N101017050900000000000102012170000000000000000000000000000000000000000100087527219734LEONORA DA SILVA BARRETO                RUA ADELINA MAIA, 272 FUNDOS            ANCHIETA - R21655010RIO DE JANEIRO RJUNIAO UMB DOS CULTOS AFRO BRAS    20121710 000105
10231987175000168817800093673    0000248                      000002480000000000000109                     I34248       20121700000000340003410000017N101017050900000000000102012170000000000000000000000000000000000000000100001339245728WALDELICE DE SANTANA SANTOS             ESTRADA SETE RIACHOS, 605               SANTISSIMO -23097710RIO DE JANEIRO RJUNIAO UMB DOS CULTOS AFRO BRAS    20121710 000106
10231987175000168817800093673    0000244                      000002440000000000000109                     I34244       20121700000000300003410000017N101017050900000000000102012170000000000000000000000000000000000000000100005223043707GEORGE SIMOES DA SILVA                  RUA ANTONIO MARINS, 145                 SAO MATHEUS 25530000SAO JOAO DE MERRJUNIAO UMB DOS CULTOS AFRO BRAS    20121710 000107
10231987175000168817800093673    0000242                      000002420000000000000109                     I34242       20121700000000340003410000017N101017050900000000000102012170000000000000000000000000000000000000000100091944953787GUILHERME RAPOSO NETO                   AVENIDA DO CORRETOR, 56                 BANGU - RJ  21842340RIO DE JANEIRO RJUNIAO UMB DOS CULTOS AFRO BRAS    20121710 000108
10231987175000168817800093673    0000228                      000002280000000000000109                     I34228       20121700000000340003410000017N101017050900000000000102012170000000000000000000000000000000000000000100054449537734CELIA REGINA ANDRADE BASTOS DE          RUA TORRES HOMEM, 407                   VILA ISABEL 20551070RIO DE JANEIRO RJUNIAO UMB DOS CULTOS AFRO BRAS    20121710 000109
10231987175000168817800093673    0000224                      000002240000000000000109                     I34224       20121700000000340003410000017N101017050900000000000102012170000000000000000000000000000000000000000100009285591736EDUARDO MARCOS DOS SANTOS CARV          RUA FERNADES DA CUNHA 906 CASA 3        VIGARIO GERA21241210RIO DE JANEIRO RJUNIAO UMB DOS CULTOS AFRO BRAS    20121710 000110
10231987175000168817800093673    0000222                      000002220000000000000109                     I34222       20121700000000340003410000017N101017050900000000000102012170000000000000000000000000000000000000000100081106459768SIDNEIA CAMPOS MACHADO                  RUA OLIVEIRA PAIVA, 511                 SENADOR CAMA21843050RIO DE JANEIRO RJUNIAO UMB DOS CULTOS AFRO BRAS    20121710 000111
10231987175000168817800093673    0000214                      000002140000000000000109                     I01214       20121700000000340003410000017N101017050900000000000102012170000000000000000000000000000000000000000100079068790749ELISETE TOMPAKOW                        RUA ALBERTO SOARES SAMPAIO, 414         TAQUARA - JA22715300RIO DE JANEIRO RJUNIAO UMB DOS CULTOS AFRO BRAS    20121710 000112
10231987175000168817800093673    0000210                      000002100000000000000109                     I34210       20121700000000340003410000017N101017050900000000000102012170000000000000000000000000000000000000000100088513505749IDALINA BONIFACIO GUIRA                 RUA CYRENE MORAES COSTA, 175            CENTRO - QUE26389000RIO DE JANEIRO RJUNIAO UMB DOS CULTOS AFRO BRAS    20121710 000113
10231987175000168817800093673    0000202                      000002020000000000000109                     I02202       20121700000000340003410000017N101017050900000000000102012170000000000000000000000000000000000000000100067514090363ANTONIO MARTINS CHAVES                  RUA REGINA REIS  339 CASA               QUINTINO BOC20740060RIO DE JANEIRO RJUNIAO UMB DOS CULTOS AFRO BRAS    20121710 000114
10231987175000168817800093673    0000187                      000001870000000000000109                     I34187       20121700000000350003410000017N101017050900000000000102012170000000000000000000000000000000000000000100036924997791EDILBERTO CAMPOS BRANDAO                RUA PERIANDRO JOSE DE MOURA, 156        CANAL - 1O D25900000MAGE           RJUNIAO UMB DOS CULTOS AFRO BRAS    20121710 000115
10231987175000168817800093673    0000150                      000001500000000000000109                     I34150       20121700000000340003410000017N101017050900000000000102012170000000000000000000000000000000000000000100081734816791JUNIO JOSE SOARES DOS SANTOS            RUA, 57 QUADRA 85 LOTE 21               J. N. S. DA 21720161RIO DE JANEIRO RJUNIAO UMB DOS CULTOS AFRO BRAS    20121710 000116
10231987175000168817800093673    0000148                      000001480000000000000109                     I02148       20121700000000340003410000017N101017050900000000000102012170000000000000000000000000000000000000000100005437133753MARIZETE ALVES DA SILVA                 RUA DELHIR Nº 100 - ANCHIETA           RIO DE JANEI21610330RIO DE JANEIRO RJUNIAO UMB DOS CULTOS AFRO BRAS    20121710 000117
10231987175000168817800093673    0000140                      000001400000000000000109                     I34140       20121700000000340003410000017N101017050900000000000102012170000000000000000000000000000000000000000100009620028449CLEA PONTES DE FIGUEIREDO               RUA: PAROBI Nº 419 FUNDOS              COLEGIO - RI21545250RIO DE JANEIRO RJUNIAO UMB DOS CULTOS AFRO BRAS    20121710 000118
10231987175000168817800093673    0000129                      000001290000000000000109                     I34129       20121700000000340003410000017N101017050900000000000102012170000000000000000000000000000000000000000100079086500749JOSE JERONIMO DA SILVA                  RUA MARLUCIA RODRIGUES ALEXANDRE LT 14 QSAO MATEUS -21321280RIO DE JANEIRO RJUNIAO UMB DOS CULTOS AFRO BRAS    20121710 000119
10231987175000168817800093673    0000127                      000001270000000000000109                     I34127       20121700000000340003410000017N101017050900000000000102012170000000000000000000000000000000000000000100000489246796JOSEFA IRINEIDE CHAVES                  RUA MAURICIA BORGES, 1788               SAO JOSE - N21321280SAO CRISTOVAO  RJUNIAO UMB DOS CULTOS AFRO BRAS    20121710 000120
10231987175000168817800093673    0000123                      000001230000000000000109                     I34123       20121700000000400003410000017N101017050900000000000102012170000000000000000000000000000000000000000100062822900744FATIMA LUCRECIA DE CARVALHO CA          O MESMO                                 O MESMO     21645520RIO DE JANEIRO RJUNIAO UMB DOS CULTOS AFRO BRAS    20121710 000121
10231987175000168817800093673    0000122                      000001220000000000000109                     I02122       20121700000000340003410000017N101017050900000000000102012170000000000000000000000000000000000000000100005538511790VALNEI BARBOSA DA SILVA                 RUA: DOS RUBIS Nº 19 - INHOAIBA        CAMPO GRANDE23064670RIO DE JANEIRO RJUNIAO UMB DOS CULTOS AFRO BRAS    20121710 000122
10231987175000168817800093673    0000111                      000001110000000000000109                     I34111       20121700000000400003410000017N101017050900000000000102012170000000000000000000000000000000000000000100087292971768ANTONIA HERMINIA DA SILVA               RUA PROFESSOR SILVIO ELIAS              VARGEM GRAND22783235RIO DE JANEIRO RJUNIAO UMB DOS CULTOS AFRO BRAS    20121710 000123
10231987175000168817800093673    0000110                      000001100000000000000109                     I02110       20121700000000340003410000017N101017050900000000000102012170000000000000000000000000000000000000000100063412616753SANDRA MARIA PEREIRA DA SILVA           RUA DOM JOAO VI SN LOTE 18 QUADRA 26    VILAR DOS TE25561090SAO JOAO DE MERRJUNIAO UMB DOS CULTOS AFRO BRAS    20121710 000124
10231987175000168817800093673    0000109                      000001090000000000000109                     I34109       20121700000000340003410000017N101017050900000000000102012170000000000000000000000000000000000000000100063214512749EDSON FERNANDES MELLO                   RUA CAPITAO BORGES DO COUTO N 72 CASA 5 SENADOR CAMA21832300RIO DE JANEIRO RJUNIAO UMB DOS CULTOS AFRO BRAS    20121710 000125
10231987175000168817800093673    0000107                      000001070000000000000109                     I01107       10011800000000340003410000017N101017050900000000000101001180000000000000000000000000000000000000000100008983253746SHEILA DE SANTANA RAMOS                 RUA GUAJERU LOTE 16                     GUARABU - IL21921410ILHA DO GOVERNARJUNIAO UMB DOS CULTOS AFRO BRAS    10011810 000126
10231987175000168817800093673    0000103                      000001030000000000000109                     I34103       20121700000000340003410000017N101017050900000000000102012170000000000000000000000000000000000000000100071129537749IVAN FLORENCIO DE SOUZA                 RUA CRISTIANO OTONI, SN LOTE 22 QUADRA 4JARDIM GRAMA25055370DUQUE DE CAXIASRJUNIAO UMB DOS CULTOS AFRO BRAS    20121710 000127
10231987175000168817800093673    000099                       000000990000000000000109                     I0199        10011800000000340003410000017N101017050900000000000101001180000000000000000000000000000000000000000100081473885787CELIA DA SILVA ALEXANDRE                AVENIDA MARECHAL FONTENELE N 4311 RUA SELOTEAMENTO V21750000RIO DE JANEIRO RJUNIAO UMB DOS CULTOS AFRO BRAS    10011810 000128
10231987175000168817800093673    000090                       000000900000000000000109                     I3490        20121700000000340003410000017N101017050900000000000102012170000000000000000000000000000000000000000100009354092705LINDINALVA RIBEIRO DE QUEIROZ           RUA HERMINIA SOARES N 221               MONTE LIBANO26010800NOVA IGUACU    RJUNIAO UMB DOS CULTOS AFRO BRAS    20121710 000129
10231987175000168817800093673    000078                       000000780000000000000109                     I0278        30111700000000035003410000017N091017050900000000000103011170000000000000000000000000000000000000000100003315003700ROGERIO DE SOUZA RODRIGUES              RUA: DA LAGOA LOTE 2 QUADRA 1           SAO BENTO - 28600000DUQUE DE CAXIASRJUNIAO UMB DOS CULTOS AFRO BRAS    30111710 000130
10231987175000168817800093673    000076                       000000760000000000000109                     I0276        10111700000000700003410000017N091017050900000000000101011170000000000000000000000000000000000000000100000649346750CELIA REGINA MARCELINO                  O MESMO                                 O MESMO     24470160SAO GONCALO    RJUNIAO UMB DOS CULTOS AFRO BRAS    10111710 000131
10231987175000168817800093673    000071                       000000710000000000000109                     I0271        30111700000000035003410000017N061017050900000000000103011170000000000000000000000000000000000000000100008267557717MARCIA REGINA FELIPE DE SOUZA           ESTRADA DO MENDANHA LOTE 2 QUADRA O     MENDANHA - C23087283RIO DE JANEIRO RJUNIAO UMB DOS CULTOS AFRO BRAS    30111710 000132
10231987175000168817800093673    000058                       000000580000000000000109                     I0258        30111700000000035003410000017N031017050900000000000103011170000000000000000000000000000000000000000100054222141704WALMIR CARVALHO GUIMARAES               RUA BOA VIAGEM, 186 CASA                IPIRANGA - N26293591NOVA IGUACU    RJUNIAO UMB DOS CULTOS AFRO BRAS    30111710 000133
10231987175000168817800093673    000048                       000000480000000000000109                     I0248        10111700000000070003410000017N021017050900000000000101011170000000000000000000000000000000000000000100013222358729AMANDA PAULA TORRES DE SOUZA            RUA JOAO VICENTE, 261                   MADUREIRA   21340020RIO DE JANEIRO RJUNIAO UMB DOS CULTOS AFRO BRAS    10111710 000134
10231987175000168817800093673    000018                       000000180000000000000109                     I0218        30111700000000035003410000017N210917050900000000000103011170000000000000000000000000000000000000000100005878475731CLEITOM RODRIGUES DE OLIVEIRA           RUA ARARI, 621 BLOCO 38 APT 304         BANGU - RJ  21875260RIO DE JANEIRO RJUNIAO UMB DOS CULTOS AFRO BRAS    30111710 000135
9                                                                                                                                                                                                                                                                                                                                                                                                         000136
