01REMESSA01COBRANCA       817800093673        União Umb dos Cultos Afro Bra341BANCO ITAU SA  160518                                                                                                                                                                                                                                                                                                      000001
10231987175000168817800093673    000013890                    000138900000000000000109                     I3413890     30051800000000035003410000017N200218104700000000000103005180000000000000000000000000000000000000000100004253784704ALEXANDRE SIMOES NASCIMENTO             RUA SEBASTIAO DRUMOND N 179             ANCHIETA - R21640360RIO DE JANEIRO RJUNIAO UMB DOS CULTOS AFRO BRAS    30051810 000002
10231987175000168817800093673    000013690                    000136900000000000000109                     I3413690     30051800000000035003410000017N200218104700000000000103005180000000000000000000000000000000000000000100002362714748MAGLENE GOMES ARAUJO                    RUA TENENTE PINTO DUARTE N 36           BENTO RIBEIR21550370RIO DE JANEIRO RJUNIAO UMB DOS CULTOS AFRO BRAS    30051810 000003
10231987175000168817800093673    000013259                    000132590000000000000109                     I3413259     30051800000000035003410000017N200218104700000000000103005180000000000000000000000000000000000000000100002499344776EUNIRA DA SALINA DE PAULA               ESTRADA: SAPUCAIA Nª 12 - ITAUNA       SAO GONCALO 24473330SAO GONCALO    RJUNIAO UMB DOS CULTOS AFRO BRAS    30051810 000004
10231987175000168817800093673    000012676                    000126760000000000000109                     I3412676     30051800000000035003410000017N200218104700000000000103005180000000000000000000000000000000000000000100070891036768EDNA FERREIRA DE MELO                   RUA SARGENTO MARQUETI N 5               MARECHAL HER21611000RIO DE JANEIRO RJUNIAO UMB DOS CULTOS AFRO BRAS    30051810 000005
10231987175000168817800093673    000012434                    000124340000000000000109                     I3412434     30051800000000035003410000017N200218104700000000000103005180000000000000000000000000000000000000000100043082033768LEILA RAMOS DE OLIVEIRA                 RUA CAPIBARIBE, 361                     CABUCU - NOV26346290NOVA IGUACU    RJUNIAO UMB DOS CULTOS AFRO BRAS    30051810 000006
10231987175000168817800093673    000012149                    000121490000000000000109                     I3412149     30041800000000035003410000017N200218104700000000000103004180000000000000000000000000000000000000000100030422175749LENI MENDUIÑA DA SILVA GUERRA          RUA ADOLFO DE CARVALHO N 59 CASA 1      ENGENHEIRO B25520240RIO DE JANEIRO RJUNIAO UMB DOS CULTOS AFRO BRAS    30041810 000007
10231987175000168817800093673    000012081                    000120810000000000000109                     I3412081     30041800000000035003410000017N200218104700000000000103004180000000000000000000000000000000000000000100002362714748MAGLENE GOMES ARAUJO                    RUA TENENTE PINTO DUARTE N 36           BENTO RIBEIR21550370RIO DE JANEIRO RJUNIAO UMB DOS CULTOS AFRO BRAS    30041810 000008
10231987175000168817800093673    000011868                    000118680000000000000109                     I3411868     30041800000000035003410000017N200218104700000000000103004180000000000000000000000000000000000000000100000119220792ANA MARIA PASSOS INOCENCIO              RUA CACONDE N 258                       RIO DE JANEI21331415RIO DE JANEIRO RJUNIAO UMB DOS CULTOS AFRO BRAS    30041810 000009
10231987175000168817800093673    000011650                    000116500000000000000109                     I3411650     30041800000000035003410000017N200218104700000000000103004180000000000000000000000000000000000000000100002499344776EUNIRA DA SALINA DE PAULA               ESTRADA: SAPUCAIA Nª 12 - ITAUNA       SAO GONCALO 24473330SAO GONCALO    RJUNIAO UMB DOS CULTOS AFRO BRAS    30041810 000010
10231987175000168817800093673    000011403                    000114030000000000000109                     I3411403     30041800000000035003410000017N200218104700000000000103004180000000000000000000000000000000000000000100096270500753REINALDO MONTEIRO                       RUA SEBASTIAO DRUMOND 230               ANCHIETA    21640360RIO DE JANEIRO RJUNIAO UMB DOS CULTOS AFRO BRAS    30041810 000011
10231987175000168817800093673    000011401                    000114010000000000000109                     I3411401     30041800000000035003410000017N200218104700000000000103004180000000000000000000000000000000000000000100002203155798CARLOS EDUARDO MOREIRA BENTO            RUA WENCESLAU BRAS, SN LOTE 24 QUADRA 27IMBARIE - DU25275160DUQUE DE CAXIASRJUNIAO UMB DOS CULTOS AFRO BRAS    30041810 000012
10231987175000168817800093673    000011393                    000113930000000000000109                     I0211393     30041800000000035003410000017N200218104700000000000103004180000000000000000000000000000000000000000100007526128751SORAYA ROBERTA PINHEIRO DE ALM          ALAMEDA TENENTE ANTONIO JOAO, CASA 17   URCA - RIO D22291150RIO DE JANEIRO RJUNIAO UMB DOS CULTOS AFRO BRAS    30041810 000013
10231987175000168817800093673    000011386                    000113860000000000000109                     I0211386     30041800000000035003410000017N200218104700000000000103004180000000000000000000000000000000000000000100099029359749ANDRE LUIZ REIS GRACIO                  RUA PIRAMBOIA N 130                     SENADOR VASC23012300RIO DE JANEIRO RJUNIAO UMB DOS CULTOS AFRO BRAS    30041810 000014
10231987175000168817800093673    000010917                    000109170000000000000109                     I3410917     30041800000000035003410000017N200218104700000000000103004180000000000000000000000000000000000000000100076896960744MARIA LUCIA DE OLIVEIRA NUNES           AVENIDA DO CORRETOR N 116               VILA ALIANCA21842340RIO DE JANEIRO RJUNIAO UMB DOS CULTOS AFRO BRAS    30041810 000015
10231987175000168817800093673    000010720                    000107200000000000000109                     I3410720     30031800000000035003410000017N200218104700000000000103003180000000000000000000000000000000000000000100000227210700ROSIMAR TELLES DE SA                    RUA: ACAPU                              MARECHAL HER21550570RIO DE JANEIRO RJUNIAO UMB DOS CULTOS AFRO BRAS    30031810 000016
10231987175000168817800093673    000010577                    000105770000000000000109                     I3410577     30031800000000035003410000017N200218104700000000000103003180000000000000000000000000000000000000000100002375024702FATIMA APARECIDA OLIVEIRA DE C          RUA OURO PRETO QD 46 LT 21              COQUEIRAL  A20740280RIO DE JANEIRO RJUNIAO UMB DOS CULTOS AFRO BRAS    30031810 000017
10231987175000168817800093673    000010557                    000105570000000000000109                     I3410557     30031800000000035003410000017N200218104700000000000103003180000000000000000000000000000000000000000100001972684710ALEXANDRE MALAQUIAS DE SOUSA P          AVENIDA NELSON DE AQUINO N 246 - COROA GCOROA GRANDE23825670ITAGUAI        RJUNIAO UMB DOS CULTOS AFRO BRAS    30031810 000018
10231987175000168817800093673    000010544                    000105440000000000000109                     I3410544     30031800000000035003410000017N200218104700000000000103003180000000000000000000000000000000000000000100008502438743ALINE RAMOS DE SOUZA DA SILVA           RUA DOUTOR ISMAEL CAVALCANTI N 240      SEPETIBA - R23545145RIO DE JANEIRO RJUNIAO UMB DOS CULTOS AFRO BRAS    30031810 000019
10231987175000168817800093673    000010541                    000105410000000000000109                     I3410541     30031800000000035003410000017N200218104700000000000103003180000000000000000000000000000000000000000100009946366797SIMONE SOARES NEA                       RUA FLAVIO RANGEL SN QUADRA B LOTE 7    CAMPO GRANDE23085430RIO DE JANEIRO RJUNIAO UMB DOS CULTOS AFRO BRAS    30031810 000020
10231987175000168817800093673    000010540                    000105400000000000000109                     I3410540     30031800000000035003410000017N200218104700000000000103003180000000000000000000000000000000000000000100030422175749LENI MENDUIÑA DA SILVA GUERRA          RUA ADOLFO DE CARVALHO N 59 CASA 1      ENGENHEIRO B25520240RIO DE JANEIRO RJUNIAO UMB DOS CULTOS AFRO BRAS    30031810 000021
10231987175000168817800093673    000010041                    000100410000000000000109                     I3410041     30031800000000035003410000017N200218104700000000000103003180000000000000000000000000000000000000000100002499344776EUNIRA DA SALINA DE PAULA               ESTRADA: SAPUCAIA Nª 12 - ITAUNA       SAO GONCALO 24473330SAO GONCALO    RJUNIAO UMB DOS CULTOS AFRO BRAS    30031810 000022
10231987175000168817800093673    00009822                     000098220000000000000109                     I349822      30031800000000035003410000017N200218104700000000000103003180000000000000000000000000000000000000000100001015649700JORGE LUIZ PEIXOTO DO NASCIMEN          RUA SALDANHA MARINHO LOTE 14            NEVES - SAO 24425225SAO GONCALO    RJUNIAO UMB DOS CULTOS AFRO BRAS    30031810 000023
10231987175000168817800093673    00009821                     000098210000000000000109                     I349821      30031800000000035003410000017N200218104700000000000103003180000000000000000000000000000000000000000100026659840753IVANI DE OLIVEIRA COUTO                 RUA ITAJUBARA, 66                       RAMOS - RIO 21060180RIO DE JANEIRO RJUNIAO UMB DOS CULTOS AFRO BRAS    30031810 000024
10231987175000168817800093673    00009816                     000098160000000000000109                     I349816      30031800000000035003410000017N200218104700000000000103003180000000000000000000000000000000000000000200000000010150UILMA VIEIRA TEIXEIRA                   RUA ITU,  LOTE 3 QUADRA 22              JARDIM GRAMA25060350CAXIAS         RJUNIAO UMB DOS CULTOS AFRO BRAS    30031810 000025
10231987175000168817800093673    00009806                     000098060000000000000109                     I029806      30031800000000035003410000017N200218104700000000000103003180000000000000000000000000000000000000000100091228239720MIRIAN DA SILVA PEREIRA                 RUA  NORDESTE 40                        JARDIM PARAI26000000RIO DE JANEIRO RJUNIAO UMB DOS CULTOS AFRO BRAS    30031810 000026
10231987175000168817800093673    00009800                     000098000000000000000109                     I349800      30031800000000035003410000017N200218104700000000000103003180000000000000000000000000000000000000000100007039849771MARCIA SILVA DOS SANTOS FALCAO          ESTRADA DA BARREIRA, 577                CENTRO - GUA25946070GUAPIMIRIM     RJUNIAO UMB DOS CULTOS AFRO BRAS    30031810 000027
10231987175000168817800093673    00009796                     000097960000000000000109                     I349796      30031800000000035003410000017N200218104700000000000103003180000000000000000000000000000000000000000100002134169729ALEXANDRE DE ALMEIDA                    RUA SERITINGA, 105 BLOCO 5 APTO 108 FUNDBRAS DE PINA21215480RIO DE JANEIRO RJUNIAO UMB DOS CULTOS AFRO BRAS    30031810 000028
10231987175000168817800093673    00009794                     000097940000000000000109                     I349794      30031800000000035003410000017N200218104700000000000103003180000000000000000000000000000000000000000100096270500753REINALDO MONTEIRO                       RUA SEBASTIAO DRUMOND 230               ANCHIETA    21640360RIO DE JANEIRO RJUNIAO UMB DOS CULTOS AFRO BRAS    30031810 000029
10231987175000168817800093673    00009786                     000097860000000000000109                     I349786      30031800000000035003410000017N200218104700000000000103003180000000000000000000000000000000000000000100059334258772LUIZ ROBERTO REGO GAMA                  RUA MIGUEL POMBEIRO, 112                REALENGO - R21735280RIO DE JANEIRO RJUNIAO UMB DOS CULTOS AFRO BRAS    30031810 000030
10231987175000168817800093673    00009785                     000097850000000000000109                     I349785      30031800000000035003410000017N200218104700000000000103003180000000000000000000000000000000000000000100058657231700IMPERALINA OLIVEIRA COSTA               AVENIDA MIGUEL COUTO N 75               PARQUE LAFAI25025505DUQUE DE CAXIASRJUNIAO UMB DOS CULTOS AFRO BRAS    30031810 000031
10231987175000168817800093673    00009784                     000097840000000000000109                     I029784      30031800000000035003410000017N200218104700000000000103003180000000000000000000000000000000000000000100007526128751SORAYA ROBERTA PINHEIRO DE ALM          ALAMEDA TENENTE ANTONIO JOAO, CASA 17   URCA - RIO D22291150RIO DE JANEIRO RJUNIAO UMB DOS CULTOS AFRO BRAS    30031810 000032
10231987175000168817800093673    00009782                     000097820000000000000109                     I349782      30031800000000035003410000017N200218104700000000000103003180000000000000000000000000000000000000000100007609502707WALDENILSON DUARTE DOS SANTOS           RUA ITABAIANA 93 FDS QD 113 LT 19       CABUCU - NOV26355500RIO DE JANEIRO RJUNIAO UMB DOS CULTOS AFRO BRAS    30031810 000033
10231987175000168817800093673    00009777                     000097770000000000000109                     I029777      30031800000000035003410000017N200218104700000000000103003180000000000000000000000000000000000000000100099029359749ANDRE LUIZ REIS GRACIO                  RUA PIRAMBOIA N 130                     SENADOR VASC23012300RIO DE JANEIRO RJUNIAO UMB DOS CULTOS AFRO BRAS    30031810 000034
10231987175000168817800093673    00009776                     000097760000000000000109                     I349776      30031800000000035003410000017N200218104700000000000103003180000000000000000000000000000000000000000100063345862700GLORIA MARIA DAMASCENO DE OLIV          AVENIDA JOSE MARIANO PASSOS N 1495      CENTRO - BEL26130570BELFORD ROXO   RJUNIAO UMB DOS CULTOS AFRO BRAS    30031810 000035
10231987175000168817800093673    00009775                     000097750000000000000109                     I349775      30031800000000035003410000017N200218104700000000000103003180000000000000000000000000000000000000000100002096604737GISELLE BRAGA TORRES DE SOUZA           RUA JOAO VICENTE 261                    MADUREIRA - 21021523RIO DE JANEIRO RJUNIAO UMB DOS CULTOS AFRO BRAS    30031810 000036
10231987175000168817800093673    00009438                     000094380000000000000109                     I349438      30031800000000035003410000017N200218104700000000000103003180000000000000000000000000000000000000000100033745226704LUIZA MARIA DO NASCIMENTO MARQ          CESARIO DE MELO 9756 RUA C 1 LT 10 QD C MONTE SERRA 23028050RIO DE JANEIRO RJUNIAO UMB DOS CULTOS AFRO BRAS    30031810 000037
10231987175000168817800093673    00009375                     000093750000000000000109                     I349375      30031800000000035003410000017N200218104700000000000103003180000000000000000000000000000000000000000100064262839753MARIA JOSE SOUZA DOS SANTOS             RUA JOSE LIMA DA SILVA, 29              MARIA - BELF26185610BELFORD ROXO   RJUNIAO UMB DOS CULTOS AFRO BRAS    30031810 000038
10231987175000168817800093673    00009196                     000091960000000000000109                     I349196      27041800000000035003410000017N200218104700000000000102704180000000000000000000000000000000000000000100095294236753ROSANE MOREIRA DE LIMA                  RUA IRIGUATI Nº 63                     OLARIA      21073320RIO DE JANEIRO RJUNIAO UMB DOS CULTOS AFRO BRAS    27041810 000039
10231987175000168817800093673    00009126                     000091260000000000000109                     I349126      30031800000000035003410000017N200218104700000000000103003180000000000000000000000000000000000000000200000000001355VALDEA PEREIRA SIQUEIRA                 RUA BORDA DO MATO, 415                  GRAJAU - RIO20561200RIO DE JANEIRO RJUNIAO UMB DOS CULTOS AFRO BRAS    30031810 000040
10231987175000168817800093673    00008149                     000081490000000000000109                     I348149      28021800000000035003410000017N291217104700000000000102802180000000000000000000000000000000000000000100085258610730CRISTINA ROSA DE JESUS BASILIO          RUA DOIS DE JULHO, LOTE 18 QUADRA 21    CABUCU - NOV26580310MESQUITA       RJUNIAO UMB DOS CULTOS AFRO BRAS    28021810 000041
10231987175000168817800093673    00007203                     000072030000000000000109                     I347203      28021800000000035003410000017N271217104700000000000102802180000000000000000000000000000000000000000100002375024702FATIMA APARECIDA OLIVEIRA DE C          RUA OURO PRETO QD 46 LT 21              COQUEIRAL  A20740280RIO DE JANEIRO RJUNIAO UMB DOS CULTOS AFRO BRAS    28021810 000042
10231987175000168817800093673    00006757                     000067570000000000000109                     I026757      28021800000000035003410000017N271217104700000000000102802180000000000000000000000000000000000000000100002499344776EUNIRA DA SALINA DE PAULA               ESTRADA: SAPUCAIA Nª 12 - ITAUNA       SAO GONCALO 24473330SAO GONCALO    RJUNIAO UMB DOS CULTOS AFRO BRAS    28021810 000043
10231987175000168817800093673    00006573                     000065730000000000000109                     I346573      28021800000000035003410000017N271217104700000000000102802180000000000000000000000000000000000000000100002134169729ALEXANDRE DE ALMEIDA                    RUA SERITINGA, 105 BLOCO 5 APTO 108 FUNDBRAS DE PINA21215480RIO DE JANEIRO RJUNIAO UMB DOS CULTOS AFRO BRAS    28021810 000044
10231987175000168817800093673    00006571                     000065710000000000000109                     I346571      28021800000000035003410000017N271217104700000000000102802180000000000000000000000000000000000000000100096270500753REINALDO MONTEIRO                       RUA SEBASTIAO DRUMOND 230               ANCHIETA    21640360RIO DE JANEIRO RJUNIAO UMB DOS CULTOS AFRO BRAS    28021810 000045
10231987175000168817800093673    00006324                     000063240000000000000109                     I346324      28021800000000035003410000017N271217104700000000000102802180000000000000000000000000000000000000000100033745226704LUIZA MARIA DO NASCIMENTO MARQ          CESARIO DE MELO 9756 RUA C 1 LT 10 QD C MONTE SERRA 23028050RIO DE JANEIRO RJUNIAO UMB DOS CULTOS AFRO BRAS    28021810 000046
10231987175000168817800093673    00005963                     000059630000000000000109                     I345963      31011800000000035003410000017N261217104700000000000103101180000000000000000000000000000000000000000100030894840720LIGIA REGINA ZACHARIAS DE MELO          RUA MANAPA N 280                        VALVERDE - N21051360RIO DE JANEIRO RJUNIAO UMB DOS CULTOS AFRO BRAS    31011810 000047
10231987175000168817800093673    00005507                     000055070000000000000109                     I025507      31011800000000035003410000017N261217104700000000000103101180000000000000000000000000000000000000000100002499344776EUNIRA DA SALINA DE PAULA               ESTRADA: SAPUCAIA Nª 12 - ITAUNA       SAO GONCALO 24473330SAO GONCALO    RJUNIAO UMB DOS CULTOS AFRO BRAS    31011810 000048
10231987175000168817800093673    00005074                     000050740000000000000109                     I345074      31011800000000035003410000017N261217104700000000000103101180000000000000000000000000000000000000000100033745226704LUIZA MARIA DO NASCIMENTO MARQ          CESARIO DE MELO 9756 RUA C 1 LT 10 QD C MONTE SERRA 23028050RIO DE JANEIRO RJUNIAO UMB DOS CULTOS AFRO BRAS    31011810 000049
9                                                                                                                                                                                                                                                                                                                                                                                                         000050
