01REMESSA01COBRANCA       916200163100        União Umb dos Cultos Afro Bra341BANCO ITAU SA  040118                                                                                                                                                                                                                                                                                                      000001
10231987175000168916200163100    00008534                     000085340000000000000109                     I018534      31011800000000035003410000017N020118050900000000000103101180000000000000000000000000000000000000000100006944630788MARCOS AURELIO DO NASCIMENTO B          RUA PEDRO HERNESTO N 158 CASA 2         ENGENHEIRO P25015290DUQUE DE CAXIASRJUNIAO UMB DOS CULTOS AFRO BRAS    31011810 000002
10231987175000168916200163100    00008533                     000085330000000000000109                     I018533      31011800000000035003410000017N020118050900000000000103101180000000000000000000000000000000000000000100075643081768ELISABETE MOREIRA FREIRE DA SI          RUA ARACA N 1245                        RICARDO DE A21620050RIO DE JANEIRO RJUNIAO UMB DOS CULTOS AFRO BRAS    31011810 000003
10231987175000168916200163100    00008531                     000085310000000000000109                     I018531      31011800000000035003410000017N020118050900000000000103101180000000000000000000000000000000000000000100033907986768HELOISA HELENA RODRIGUES VALEN          RUA PASCOAL SEGRETO N 86                JOA - BARRA 22611150RIO DE JANEIRO RJUNIAO UMB DOS CULTOS AFRO BRAS    31011810 000004
10231987175000168916200163100    00008525                     000085250000000000000109                     I018525      31011800000000035003410000017N020118050900000000000103101180000000000000000000000000000000000000000100093151179720ELIZABETH DA SILVA GOIS                 RUA RAFAEL HAENNY, 2 LOTE 2 QUADRA 4    SEPETIBA - R23535640RIO DE JANEIRO RJUNIAO UMB DOS CULTOS AFRO BRAS    31011810 000005
10231987175000168916200163100    00008522                     000085220000000000000109                     I018522      31011800000000035003410000017N020118050900000000000103101180000000000000000000000000000000000000000100077547691749NEUSA MORAES DOS SANTOS                 RUA DEZOITO, 30                         JARDIM DA PA25930000MAGE           RJUNIAO UMB DOS CULTOS AFRO BRAS    31011810 000006
10231987175000168916200163100    00008521                     000085210000000000000109                     I018521      31011800000000035003410000017N020118050900000000000103101180000000000000000000000000000000000000000100048137880763PEDRO SILVA DO NASCIMENTO               ESTRADA DO TAQUARAL, 100 QUADRA 3 BLOCO BANGU - RIO 21842550RIO DE JANEIRO RJUNIAO UMB DOS CULTOS AFRO BRAS    31011810 000007
10231987175000168916200163100    00008520                     000085200000000000000109                     I018520      31011800000000035003410000017N020118050900000000000103101180000000000000000000000000000000000000000100058500120797CIRLEA SALDANHA DA COSTA                RUA CARAMURU, LOTE 7 QUADRA 54          PRACA DA BAN25560110SAO JOAO DE MERRJUNIAO UMB DOS CULTOS AFRO BRAS    31011810 000008
10231987175000168916200163100    00008518                     000085180000000000000109                     I018518      31011800000000035003410000017N020118050900000000000103101180000000000000000000000000000000000000000100003778949748MARLENE PEREIRA DA SILVA MELO           RUA BARAO DE AMAZONAS S/Nº             MARIA CONGA 25900000MAGE           RJUNIAO UMB DOS CULTOS AFRO BRAS    31011810 000009
10231987175000168916200163100    00008517                     000085170000000000000109                     I018517      31011800000000035003410000017N020118050900000000000103101180000000000000000000000000000000000000000100005538511790VALNEI BARBOSA DA SILVA                 RUA: DOS RUBIS Nº 19 - INHOAIBA        CAMPO GRANDE23064670RIO DE JANEIRO RJUNIAO UMB DOS CULTOS AFRO BRAS    31011810 000010
10231987175000168916200163100    00008516                     000085160000000000000109                     I018516      31011800000000035003410000017N020118050900000000000103101180000000000000000000000000000000000000000100028842723720HELENITA ANTONIA DE JESUS               RUA: ROBERTO CONSTANTINESCO 334         GUADALUPE   21675450RIO DE JANEIRO RJUNIAO UMB DOS CULTOS AFRO BRAS    31011810 000011
10231987175000168916200163100    00008513                     000085130000000000000109                     I018513      31011800000000035003410000017N020118050900000000000103101180000000000000000000000000000000000000000100001834521785MARCELO TEIXEIRA ORSI                   RUA A, 15 QUADRA 93 CASA 2              PARADA MORAB25000000DUQUE DE CAXIASRJUNIAO UMB DOS CULTOS AFRO BRAS    31011810 000012
10231987175000168916200163100    00008510                     000085100000000000000109                     I018510      31011800000000035003410000017N020118050900000000000103101180000000000000000000000000000000000000000100082351376749ALDA LUCIA DA SILVA                     RUA ANTONIO MARINS DE OLIVEIRA, 479     SAO MATEUS -25530000SAO JOAO DE MERRJUNIAO UMB DOS CULTOS AFRO BRAS    31011810 000013
10231987175000168916200163100    00008508                     000085080000000000000109                     I018508      31011800000000035003410000017N020118050900000000000103101180000000000000000000000000000000000000000100003029004708ANDREA GUIMARAES MARTINS                RUA ANA CRISTINA 31 - VILA GUIMARAES    VILA GUIMARA26088175NOVA IGUACU    RJUNIAO UMB DOS CULTOS AFRO BRAS    31011810 000014
10231987175000168916200163100    00008498                     000084980000000000000109                     I018498      31011800000000035003410000017N020118050900000000000103101180000000000000000000000000000000000000000100066391482772VERA LUCIA BARBOSA FERREIRA             RUA APARECIDA, 427                      EDEN - SAO J25535020SAO JOAO DE MERRJUNIAO UMB DOS CULTOS AFRO BRAS    31011810 000015
10231987175000168916200163100    00008497                     000084970000000000000109                     I018497      31011800000000035003410000017N020118050900000000000103101180000000000000000000000000000000000000000100096337273753GENETE FRAZAO DE OLIVEIRA               RUA APURINAS, 218 CASA 1                TURIACU - RJ21540310RIO DE JANEIRO RJUNIAO UMB DOS CULTOS AFRO BRAS    31011810 000016
10231987175000168916200163100    00008495                     000084950000000000000109                     I018495      31011800000000035003410000017N020118050900000000000103101180000000000000000000000000000000000000000100093440707768EDSON MONTEIRO DE ALMEIDA               RUA JOAQUIM TEIXEIRA, 90 APTO 103       OSVALDO CRUZ21351260RIO DE JANEIRO RJUNIAO UMB DOS CULTOS AFRO BRAS    31011810 000017
10231987175000168916200163100    00008491                     000084910000000000000109                     I018491      31011800000000035003410000017N020118050900000000000103101180000000000000000000000000000000000000000100054329824591CATIA DE SOUZA DALTRO                   RUA FREDERICO LIMA N 180                MADUREIRA - 21360280RIO DE JANEIRO RJUNIAO UMB DOS CULTOS AFRO BRAS    31011810 000018
10231987175000168916200163100    00008486                     000084860000000000000109                     I018486      31011800000000035003410000017N020118050900000000000103101180000000000000000000000000000000000000000100059463376704MARIA DA PENHA AZEVEDO SANTOS           RUA ITABIRA, 784                        VILA ITAMARA25070260DUQUE DE CAXIASRJUNIAO UMB DOS CULTOS AFRO BRAS    31011810 000019
10231987175000168916200163100    00008481                     000084810000000000000109                     I018481      31011800000000035003410000017N020118050900000000000103101180000000000000000000000000000000000000000100007062360767IVONETE GOMES DOS SANTOS                AVENIDA PORTO DA MADAME, 555            GRADIM - SAO24431310SAO GONCALO    RJUNIAO UMB DOS CULTOS AFRO BRAS    31011810 000020
10231987175000168916200163100    00008480                     000084800000000000000109                     I018480      31011800000000035003410000017N020118050900000000000103101180000000000000000000000000000000000000000100000475441710KASSIA DAMAZIO SOBRINHO                 RUA OPNIAO LIBERA, 27                   JACAREPAGUA 22715130RIO DE JANEIRO RJUNIAO UMB DOS CULTOS AFRO BRAS    31011810 000021
10231987175000168916200163100    00004285                     000042850000000000000109                     I014285      22121700000000350003410000017N171117050900000000000102212170000000000000000000000000000000000000000100000261600729ELIANE ZELIA DE OLIVEIRA                RUA VENANCIO AIRES, 1781                GRAMACHO - D25035340DUQUE DE CAXIASRJUNIAO UMB DOS CULTOS AFRO BRAS    22121710 000022
9                                                                                                                                                                                                                                                                                                                                                                                                         000023
