01REMESSA01COBRANCA       817800093673        União Umb dos Cultos Afro Bra341BANCO ITAU SA  050618                                                                                                                                                                                                                                                                                                      000001
10231987175000168817800093673    000021143                    000211430000000000000109                     I0121143     20061800000000210003410000017N050618104700000000000102006180000000000000000000000000000000000000000100003367432709KHRYSTIENE COSTA MOTTA                  RUA PINHEIRO CHAGAS, 74                 PARQUE ANCHI21620500RIO DE JANEIRO RJUNIAO UMB DOS CULTOS AFRO BRAS    20061810 000002
10231987175000168817800093673    000021142                    000211420000000000000109                     I0121142     30081800000000035003410000017N050618104700000000000103008180000000000000000000000000000000000000000100004550883131LINDINALVA MONTEIRO DA SILVA            RUA: TENENTE PALESTRINA                 CORDOVIL    21250550RIO DE JANEIRO RJUNIAO UMB DOS CULTOS AFRO BRAS    30081810 000003
10231987175000168817800093673    000021141                    000211410000000000000109                     I0121141     30071800000000035003410000017N050618104700000000000103007180000000000000000000000000000000000000000100004550883131LINDINALVA MONTEIRO DA SILVA            RUA: TENENTE PALESTRINA                 CORDOVIL    21250550RIO DE JANEIRO RJUNIAO UMB DOS CULTOS AFRO BRAS    30071810 000004
10231987175000168817800093673    000021140                    000211400000000000000109                     I0121140     30061800000000035003410000017N050618104700000000000103006180000000000000000000000000000000000000000100004550883131LINDINALVA MONTEIRO DA SILVA            RUA: TENENTE PALESTRINA                 CORDOVIL    21250550RIO DE JANEIRO RJUNIAO UMB DOS CULTOS AFRO BRAS    30061810 000005
10231987175000168817800093673    000021139                    000211390000000000000109                     I0121139     20061800000000300003410000017N050618104700000000000102006180000000000000000000000000000000000000000100007429798659LUCIANA DIAS DE ARRUDA                  RUA JULIA TREVIZANO N 16                SANTO ANTONI36500000UBA            MGUNIAO UMB DOS CULTOS AFRO BRAS    20061810 000006
10231987175000168817800093673    000021138                    000211380000000000000109                     I0121138     30081800000000035003410000017N050618104700000000000103008180000000000000000000000000000000000000000100000893865745MONICA DE PONTES                        TRAVESSA OLINDA SANTOS                  TURIACU     21540340RIO DE JANEIRO RJUNIAO UMB DOS CULTOS AFRO BRAS    30081810 000007
10231987175000168817800093673    000021137                    000211370000000000000109                     I0121137     30071800000000035003410000017N050618104700000000000103007180000000000000000000000000000000000000000100000893865745MONICA DE PONTES                        TRAVESSA OLINDA SANTOS                  TURIACU     21540340RIO DE JANEIRO RJUNIAO UMB DOS CULTOS AFRO BRAS    30071810 000008
10231987175000168817800093673    000021136                    000211360000000000000109                     I0221136     30061800000000035003410000017N050618104700000000000103006180000000000000000000000000000000000000000100000893865745MONICA DE PONTES                        TRAVESSA OLINDA SANTOS                  TURIACU     21540340RIO DE JANEIRO RJUNIAO UMB DOS CULTOS AFRO BRAS    30061810 000009
10231987175000168817800093673    000021135                    000211350000000000000109                     I0121135     30081800000000035003410000017N050618104700000000000103008180000000000000000000000000000000000000000100093521987787KATIA CRISTINA DANNEMBERG               ESTRADA DO PORTINHO                     IRAJA       21235400RIO DE JANEIRO RJUNIAO UMB DOS CULTOS AFRO BRAS    30081810 000010
10231987175000168817800093673    000021134                    000211340000000000000109                     I0121134     30071800000000035003410000017N050618104700000000000103007180000000000000000000000000000000000000000100093521987787KATIA CRISTINA DANNEMBERG               ESTRADA DO PORTINHO                     IRAJA       21235400RIO DE JANEIRO RJUNIAO UMB DOS CULTOS AFRO BRAS    30071810 000011
10231987175000168817800093673    000021133                    000211330000000000000109                     I0121133     30061800000000035003410000017N050618104700000000000103006180000000000000000000000000000000000000000100093521987787KATIA CRISTINA DANNEMBERG               ESTRADA DO PORTINHO                     IRAJA       21235400RIO DE JANEIRO RJUNIAO UMB DOS CULTOS AFRO BRAS    30061810 000012
10231987175000168817800093673    000013321                    000133210000000000000109                     I0213321     30051800000000035003410000017N200218104700000000000103005180000000000000000000000000000000000000000100008158166776CRISTIANE DE ALMEIDA DA ROCHA           RUA JOANA RESENDE N° 28 - MADUREIRA    RIO DE JANEI21360430RIO DE JANEIRO RJUNIAO UMB DOS CULTOS AFRO BRAS    30051810 000013
10231987175000168817800093673    000013189                    000131890000000000000109                     I0213189     30051800000000035003410000017N200218104700000000000103005180000000000000000000000000000000000000000100033104468753NILZA ALVES CHAROTTA                    RUA LAGUNA N° 83 - NOVA PIAN           CARTA COBR J04610003SAO PAULO      SPUNIAO UMB DOS CULTOS AFRO BRAS    30051810 000014
10231987175000168817800093673    000012499                    000124990000000000000109                     I0212499     30051800000000035003410000017N200218104700000000000103005180000000000000000000000000000000000000000100018801293704NORMA RAMOS VIANNA                      AVENIDA PERNAMBUCANA, 1680              V.ROSALI - S25510430SAO JOAO DE MERRJUNIAO UMB DOS CULTOS AFRO BRAS    30051810 000015
10231987175000168817800093673    000012484                    000124840000000000000109                     I0212484     30051800000000035003410000017N200218104700000000000103005180000000000000000000000000000000000000000100000120098733MARIA APARECIDA SOUZA DA SILVA          RUA NOVE, 424 LOTE 3 QUADRA B - JARDIM DPRAIA DE MAU25930000MAGE           RJUNIAO UMB DOS CULTOS AFRO BRAS    30051810 000016
10231987175000168817800093673    000012396                    000123960000000000000109                     I0212396     30051800000000035003410000017N200218104700000000000103005180000000000000000000000000000000000000000100063299615734MAGALI MAXIMO DE SOUZA                  RUA: DONA VICENTINA                     PAIOL DE POL26545460NILOPOLIS      RJUNIAO UMB DOS CULTOS AFRO BRAS    30051810 000017
10231987175000168817800093673    000011712                    000117120000000000000109                     I0211712     30041800000000035003410000017N200218104700000000000103004180000000000000000000000000000000000000000100008158166776CRISTIANE DE ALMEIDA DA ROCHA           RUA JOANA RESENDE N° 28 - MADUREIRA    RIO DE JANEI21360430RIO DE JANEIRO RJUNIAO UMB DOS CULTOS AFRO BRAS    30041810 000018
10231987175000168817800093673    000011615                    000116150000000000000109                     I3411615     30041800000000035003410000017N200218104700000000000103004180000000000000000000000000000000000000000100003276628759HERCULES LIMA TAVARES                   RUA: ALFREDO MANSUR Nº 150 CASA 3 - MORBARRA DO PIR27150430BARRA DO PIRAI RJUNIAO UMB DOS CULTOS AFRO BRAS    30041810 000019
10231987175000168817800093673    000011580                    000115800000000000000109                     I0211580     30041800000000035003410000017N200218104700000000000103004180000000000000000000000000000000000000000100033104468753NILZA ALVES CHAROTTA                    RUA LAGUNA N° 83 - NOVA PIAN           CARTA COBR J04610003SAO PAULO      SPUNIAO UMB DOS CULTOS AFRO BRAS    30041810 000020
10231987175000168817800093673    000011265                    000112650000000000000109                     I3411265     30041800000000035003410000017N200218104700000000000103004180000000000000000000000000000000000000000100046530843787EDITH DA SILVA SOUZA                    RUA: OLIVEIRA MELO                      CORDOVIL    21250540RIO DE JANEIRO RJUNIAO UMB DOS CULTOS AFRO BRAS    30041810 000021
10231987175000168817800093673    000011259                    000112590000000000000109                     I3411259     30041800000000035003410000017N200218104700000000000103004180000000000000000000000000000000000000000100003617355706INAIA DE MACEDO SANTOS                  TRAVESSA PARAIBA DO SUL, 35             NILOPOLIS - 26525470RIO DE JANEIRO RJUNIAO UMB DOS CULTOS AFRO BRAS    30041810 000022
10231987175000168817800093673    000010890                    000108900000000000000109                     I0210890     30041800000000035003410000017N200218104700000000000103004180000000000000000000000000000000000000000100018801293704NORMA RAMOS VIANNA                      AVENIDA PERNAMBUCANA, 1680              V.ROSALI - S25510430SAO JOAO DE MERRJUNIAO UMB DOS CULTOS AFRO BRAS    30041810 000023
10231987175000168817800093673    000010875                    000108750000000000000109                     I0210875     30041800000000035003410000017N200218104700000000000103004180000000000000000000000000000000000000000100000120098733MARIA APARECIDA SOUZA DA SILVA          RUA NOVE, 424 LOTE 3 QUADRA B - JARDIM DPRAIA DE MAU25930000MAGE           RJUNIAO UMB DOS CULTOS AFRO BRAS    30041810 000024
10231987175000168817800093673    000010787                    000107870000000000000109                     I0210787     30041800000000035003410000017N200218104700000000000103004180000000000000000000000000000000000000000100063299615734MAGALI MAXIMO DE SOUZA                  RUA: DONA VICENTINA                     PAIOL DE POL26545460NILOPOLIS      RJUNIAO UMB DOS CULTOS AFRO BRAS    30041810 000025
10231987175000168817800093673    000010103                    000101030000000000000109                     I0210103     30031800000000035003410000017N200218104700000000000103003180000000000000000000000000000000000000000100008158166776CRISTIANE DE ALMEIDA DA ROCHA           RUA JOANA RESENDE N° 28 - MADUREIRA    RIO DE JANEI21360430RIO DE JANEIRO RJUNIAO UMB DOS CULTOS AFRO BRAS    30031810 000026
10231987175000168817800093673    000010006                    000100060000000000000109                     I3410006     30031800000000035003410000017N200218104700000000000103003180000000000000000000000000000000000000000100003276628759HERCULES LIMA TAVARES                   RUA: ALFREDO MANSUR Nº 150 CASA 3 - MORBARRA DO PIR27150430BARRA DO PIRAI RJUNIAO UMB DOS CULTOS AFRO BRAS    30031810 000027
10231987175000168817800093673    00009971                     000099710000000000000109                     I029971      30031800000000035003410000017N200218104700000000000103003180000000000000000000000000000000000000000100033104468753NILZA ALVES CHAROTTA                    RUA LAGUNA N° 83 - NOVA PIAN           CARTA COBR J04610003SAO PAULO      SPUNIAO UMB DOS CULTOS AFRO BRAS    30031810 000028
10231987175000168817800093673    00009662                     000096620000000000000109                     I349662      30031800000000035003410000017N200218104700000000000103003180000000000000000000000000000000000000000100099225158734MARIA MAGALI DE OLIVEIRA SOUZA          RUA PIRACAIA, 756 FUNDOS                MARECHAL HER21555260RIO DE JANEIRO RJUNIAO UMB DOS CULTOS AFRO BRAS    30031810 000029
10231987175000168817800093673    00009654                     000096540000000000000109                     I349654      30031800000000035003410000017N200218104700000000000103003180000000000000000000000000000000000000000100011778537790MARIVONE ANTONIA DOS SANTOS             RUA TOMAS FONSECA                       NOVA IGUACU 26031512NOVA IGUACU    RJUNIAO UMB DOS CULTOS AFRO BRAS    30031810 000030
10231987175000168817800093673    00009648                     000096480000000000000109                     I349648      30031800000000035003410000017N200218104700000000000103003180000000000000000000000000000000000000000100085194557787CELIA MARIA FERNANDES DE CASTR          RUA IRAPIRANGA, 98                      ROCHA MIRAND21540710RIO DE JANEIRO RJUNIAO UMB DOS CULTOS AFRO BRAS    30031810 000031
10231987175000168817800093673    00009406                     000094060000000000000109                     I029406      30031800000000035003410000017N200218104700000000000103003180000000000000000000000000000000000000000100079758517791NEY PEREIRA LEITE                       RUA MARECHAL MARCIANO N 368 CASA B TRAVEREALENGO - R21735651RIO DE JANEIRO RJUNIAO UMB DOS CULTOS AFRO BRAS    30031810 000032
10231987175000168817800093673    00009281                     000092810000000000000109                     I029281      30031800000000035003410000017N200218104700000000000103003180000000000000000000000000000000000000000100018801293704NORMA RAMOS VIANNA                      AVENIDA PERNAMBUCANA, 1680              V.ROSALI - S25510430SAO JOAO DE MERRJUNIAO UMB DOS CULTOS AFRO BRAS    30031810 000033
10231987175000168817800093673    00009266                     000092660000000000000109                     I029266      30031800000000035003410000017N200218104700000000000103003180000000000000000000000000000000000000000100000120098733MARIA APARECIDA SOUZA DA SILVA          RUA NOVE, 424 LOTE 3 QUADRA B - JARDIM DPRAIA DE MAU25930000MAGE           RJUNIAO UMB DOS CULTOS AFRO BRAS    30031810 000034
10231987175000168817800093673    00009178                     000091780000000000000109                     I029178      30031800000000035003410000017N200218104700000000000103003180000000000000000000000000000000000000000100063299615734MAGALI MAXIMO DE SOUZA                  RUA: DONA VICENTINA                     PAIOL DE POL26545460NILOPOLIS      RJUNIAO UMB DOS CULTOS AFRO BRAS    30031810 000035
10231987175000168817800093673    00009091                     000090910000000000000109                     I029091      28021800000000035003410000017N010218104700000000000102802180000000000000000000000000000000000000000100063299615734MAGALI MAXIMO DE SOUZA                  RUA: DONA VICENTINA                     PAIOL DE POL26545460NILOPOLIS      RJUNIAO UMB DOS CULTOS AFRO BRAS    28021810 000036
10231987175000168817800093673    00008105                     000081050000000000000109                     I348105      28021800000000035003410000017N291217104700000000000102802180000000000000000000000000000000000000000100099225158734MARIA MAGALI DE OLIVEIRA SOUZA          RUA PIRACAIA, 756 FUNDOS                MARECHAL HER21555260RIO DE JANEIRO RJUNIAO UMB DOS CULTOS AFRO BRAS    28021810 000037
10231987175000168817800093673    00007936                     000079360000000000000109                     I027936      28021800000000035003410000017N291217104700000000000102802180000000000000000000000000000000000000000100018801293704NORMA RAMOS VIANNA                      AVENIDA PERNAMBUCANA, 1680              V.ROSALI - S25510430SAO JOAO DE MERRJUNIAO UMB DOS CULTOS AFRO BRAS    28021810 000038
10231987175000168817800093673    00006796                     000067960000000000000109                     I026796      28021800000000035003410000017N271217104700000000000102802180000000000000000000000000000000000000000100008158166776CRISTIANE DE ALMEIDA DA ROCHA           RUA JOANA RESENDE N° 28 - MADUREIRA    RIO DE JANEI21360430RIO DE JANEIRO RJUNIAO UMB DOS CULTOS AFRO BRAS    28021810 000039
10231987175000168817800093673    00006702                     000067020000000000000109                     I026702      28021800000000035003410000017N271217104700000000000102802180000000000000000000000000000000000000000100033104468753NILZA ALVES CHAROTTA                    RUA LAGUNA N° 83 - NOVA PIAN           CARTA COBR J04610003SAO PAULO      SPUNIAO UMB DOS CULTOS AFRO BRAS    28021810 000040
10231987175000168817800093673    00006300                     000063000000000000000109                     I026300      28021800000000035003410000017N271217104700000000000102802180000000000000000000000000000000000000000100079758517791NEY PEREIRA LEITE                       RUA MARECHAL MARCIANO N 368 CASA B TRAVEREALENGO - R21735651RIO DE JANEIRO RJUNIAO UMB DOS CULTOS AFRO BRAS    28021810 000041
10231987175000168817800093673    00005546                     000055460000000000000109                     I025546      31011800000000035003410000017N261217104700000000000103101180000000000000000000000000000000000000000100008158166776CRISTIANE DE ALMEIDA DA ROCHA           RUA JOANA RESENDE N° 28 - MADUREIRA    RIO DE JANEI21360430RIO DE JANEIRO RJUNIAO UMB DOS CULTOS AFRO BRAS    31011810 000042
10231987175000168817800093673    00005452                     000054520000000000000109                     I025452      31011800000000035003410000017N261217104700000000000103101180000000000000000000000000000000000000000100033104468753NILZA ALVES CHAROTTA                    RUA LAGUNA N° 83 - NOVA PIAN           CARTA COBR J04610003SAO PAULO      SPUNIAO UMB DOS CULTOS AFRO BRAS    31011810 000043
10231987175000168817800093673    00005233                     000052330000000000000109                     I345233      31011800000000035003410000017N261217104700000000000103101180000000000000000000000000000000000000000100067267258753RITA DE CASSIA DIACOVO PELLITO          RUA ANDRE AZEVEDO, 87 CASA 101 BLOCO 25 OLARIA  - RI21021480RIO DE JANEIRO RJUNIAO UMB DOS CULTOS AFRO BRAS    31011810 000044
10231987175000168817800093673    00005050                     000050500000000000000109                     I025050      31011800000000035003410000017N261217104700000000000103101180000000000000000000000000000000000000000100079758517791NEY PEREIRA LEITE                       RUA MARECHAL MARCIANO N 368 CASA B TRAVEREALENGO - R21735651RIO DE JANEIRO RJUNIAO UMB DOS CULTOS AFRO BRAS    31011810 000045
9                                                                                                                                                                                                                                                                                                                                                                                                         000046
