01REMESSA01COBRANCA       817800093673        União Umb dos Cultos Afro Bra341BANCO ITAU SA  080118                                                                                                                                                                                                                                                                                                      000001
10231987175000168817800093673    00008075                     000080750000000000000109                     I018075      28021800000000035003410000017N291217050900000000000102802180000000000000000000000000000000000000000100007485965778GRACIETE LEAO TANGUA                    RUA ROBERTO RANGEL LIMA LOTE 16 QUADRA GMAURI - PIAB25915000MAGE           RJUNIAO UMB DOS CULTOS AFRO BRAS    28021810 000002
10231987175000168817800093673    00008073                     000080730000000000000109                     I018073      28021800000000035003410000017N291217050900000000000102802180000000000000000000000000000000000000000100001153058740ALEXANDRE DE ALMEIDA ESPINDOLA          ESTRADA DO CAMBOATA N 2966 - N 7 QUADRA GUADALUPE - 21660000RIO DE JANEIRO RJUNIAO UMB DOS CULTOS AFRO BRAS    28021810 000003
10231987175000168817800093673    00008071                     000080710000000000000109                     I018071      28021800000000035003410000017N291217050900000000000102802180000000000000000000000000000000000000000100002978000783FABIO PINTO MANTUANO                    LAURA MARIA PINTO MANTUANO - MAE        CARTA ANISTI24900000MARICA         RJUNIAO UMB DOS CULTOS AFRO BRAS    28021810 000004
10231987175000168817800093673    00008069                     000080690000000000000109                     I018069      28021800000000035003410000017N291217050900000000000102802180000000000000000000000000000000000000000100004501217715JOSE DIOMEDES DO PATROCINIO NE          RUA DOUTOR LAUREANO N 250 - VILA SAO LUIVILA SAO LUI25060220DUQUE DE CAXIASRJUNIAO UMB DOS CULTOS AFRO BRAS    28021810 000005
10231987175000168817800093673    00008068                     000080680000000000000109                     I018068      28021800000000035003410000017N291217050900000000000102802180000000000000000000000000000000000000000100003316779701WALLACE SILVA SOARES                    RUA QUINZE DE NOVEMBRO LOTE 2 QUADRA N CSARACURUNA -25212690DUQUE DE CAXIASRJUNIAO UMB DOS CULTOS AFRO BRAS    28021810 000006
10231987175000168817800093673    00008067                     000080670000000000000109                     I018067      28021800000000035003410000017N291217050900000000000102802180000000000000000000000000000000000000000100027686205720DENNIS CLARE                            RUA: RATICLIFF                          RIACHUELO   20950170RIO DE JANEIRO RJUNIAO UMB DOS CULTOS AFRO BRAS    28021810 000007
10231987175000168817800093673    00008066                     000080660000000000000109                     I018066      28021800000000035003410000017N291217050900000000000102802180000000000000000000000000000000000000000100085624250797HELBA SALLES DE SOUZA                   RUA VITORIA N 16 QUADRA N LOTE 8        LAGOINHA - N26296447NOVA IGUACU    RJUNIAO UMB DOS CULTOS AFRO BRAS    28021810 000008
10231987175000168817800093673    00008061                     000080610000000000000109                     I018061      28021800000000035003410000017N291217050900000000000102802180000000000000000000000000000000000000000100034663240763GUARACI FRANCISCO RIBEIRO               RUA: ASTRAL Nº 63 - ROSA DOS VENTOS    NOVA IGUACU 26276070NOVA IGUACU    RJUNIAO UMB DOS CULTOS AFRO BRAS    28021810 000009
10231987175000168817800093673    00008059                     000080590000000000000109                     I018059      28021800000000035003410000017N291217050900000000000102802180000000000000000000000000000000000000000100041280784768LUCIENE RIBEIRO EVA                     RUA: A LOTE 37 QUADRA 16                JARDIM ANHAN25264580DUQUE DE CAXIASRJUNIAO UMB DOS CULTOS AFRO BRAS    28021810 000010
10231987175000168817800093673    00008058                     000080580000000000000109                     I018058      28021800000000035003410000017N291217050900000000000102802180000000000000000000000000000000000000000100081628811749MAURO JOSE DE AZEVEDO FALCAO            RUA: LEOPOLDO MACHADO Nº 121 - BOA ESPENOVA IGUACU 26130680NOVA IGUACU    RJUNIAO UMB DOS CULTOS AFRO BRAS    28021810 000011
10231987175000168817800093673    00008057                     000080570000000000000109                     I018057      28021800000000035003410000017N291217050900000000000102802180000000000000000000000000000000000000000100000905106741RICARDO DE SOUZA GOUVEA                 RUA: DOS ARAUJO - PARQUE FLUMINENSE     BELFOR ROXO 26185260BELFOR ROXO    RJUNIAO UMB DOS CULTOS AFRO BRAS    28021810 000012
10231987175000168817800093673    00008056                     000080560000000000000109                     I018056      28021800000000035003410000017N291217050900000000000102802180000000000000000000000000000000000000000100065138210700TANIA CRISTINA DOS SANTOS PERE          RUA: BOM JARDIM Nº 521                 GRAMACHO - D25035060DUQUE DE CAXIASRJUNIAO UMB DOS CULTOS AFRO BRAS    28021810 000013
10231987175000168817800093673    00008055                     000080550000000000000109                     I018055      28021800000000035003410000017N291217050900000000000102802180000000000000000000000000000000000000000100071056319709LAURECI DOS SANTOS                      RUA BERNARDO MONTEIRO, LOTE 7 QUADRA 157JD OLAVO BIL25025320DUQUE DE CAXIASRJUNIAO UMB DOS CULTOS AFRO BRAS    28021810 000014
10231987175000168817800093673    00008051                     000080510000000000000109                     I018051      28021800000000035003410000017N291217050900000000000102802180000000000000000000000000000000000000000100001402504764ANTONIA PAULO DINIZ                     RUA C, LOTE 3 QUADRA C                  SARACURUNA -22511300DUQUE DE CAXIASRJUNIAO UMB DOS CULTOS AFRO BRAS    28021810 000015
10231987175000168817800093673    00008050                     000080500000000000000109                     I028050      28021800000000035003410000017N291217050900000000000102802180000000000000000000000000000000000000000100064891712791MOSENIRA DA SILVA COSTA                 RUA MARQUESA DE SANTOS, LOTE 8 QUADRA 50VILA ROSARIO25040070DUQUE DE CAXIASRJUNIAO UMB DOS CULTOS AFRO BRAS    28021810 000016
10231987175000168817800093673    00008049                     000080490000000000000109                     I018049      28021800000000035003410000017N291217050900000000000102802180000000000000000000000000000000000000000100001798819732RITA MARIA VIANNA                       RUA IPAMERI, 236                        CORDOVIL - R21012175RIO DE JANEIRO RJUNIAO UMB DOS CULTOS AFRO BRAS    28021810 000017
10231987175000168817800093673    00008048                     000080480000000000000109                     I018048      28021800000000035003410000017N291217050900000000000102802180000000000000000000000000000000000000000100078815428704LUZINETE PINHO DE SA                    ESTRADA: MANOEL FERREIRA CAMPAR Nº 1311POSSE - NOVA26021060NOVA IGUACU    RJUNIAO UMB DOS CULTOS AFRO BRAS    28021810 000018
10231987175000168817800093673    00008047                     000080470000000000000109                     I018047      28021800000000035003410000017N291217050900000000000102802180000000000000000000000000000000000000000100042447941749MARIA NEIDE DE OLIVEIRA SILVA           RUA PROSPERIDADE, LOTE 8 QUADRA 43      PILAR - DUQU25230080DUQUE DE CAIXASRJUNIAO UMB DOS CULTOS AFRO BRAS    28021810 000019
10231987175000168817800093673    00008046                     000080460000000000000109                     I018046      28021800000000035003410000017N291217050900000000000102802180000000000000000000000000000000000000000100000911446710NELI MONTEIRO DE CASTRO                 RUA ROMILDO Nº 139 - VAZ MARTINS       NOVA IGUACU 20051040RIO DE JANEIRO RJUNIAO UMB DOS CULTOS AFRO BRAS    28021810 000020
10231987175000168817800093673    00008045                     000080450000000000000109                     I018045      28021800000000035003410000017N291217050900000000000102802180000000000000000000000000000000000000000100079469825772VICTOR FRANCISCO PEREIRA NETO           RUA YZ 2 LT 7,8,9 QDRA 27 B/ JD ANHANGA DUQUE DE CAX25036290DUQUE DE CAXIASRJUNIAO UMB DOS CULTOS AFRO BRAS    28021810 000021
10231987175000168817800093673    00008044                     000080440000000000000109                     I018044      28021800000000035003410000017N291217050900000000000102802180000000000000000000000000000000000000000100004751333747CARLOS EDUARDO DE SOUZA ALVES           RUA: URANOS Nº 563                     BONSUCESSO -21060070RIO DE JANEIRO RJUNIAO UMB DOS CULTOS AFRO BRAS    28021810 000022
10231987175000168817800093673    00008043                     000080430000000000000109                     I018043      28021800000000035003410000017N291217050900000000000102802180000000000000000000000000000000000000000100087683431753MARINEIDE DOS SANTOS GUIMARAES          RUA: ERNESTO CARDOSO Nº 1436 - CHATUBA CENTRO - NIL26521450NILOPOLIS      RJUNIAO UMB DOS CULTOS AFRO BRAS    28021810 000023
10231987175000168817800093673    00008042                     000080420000000000000109                     I018042      28021800000000035003410000017N291217050900000000000102802180000000000000000000000000000000000000000100007446571721ANDREA GUEDES PINHEIRO GOMES            RUA CATARINA SANTANA  169               CABUCU      26341490NILOPOLIS      RJUNIAO UMB DOS CULTOS AFRO BRAS    28021810 000024
10231987175000168817800093673    00008041                     000080410000000000000109                     I018041      28021800000000035003410000017N291217050900000000000102802180000000000000000000000000000000000000000100000939896796SHIRLEI ARAUJO DO CARMO RODRIG          O MESMO                                 O MESMO     21532170RIO DE JANEIRO RJUNIAO UMB DOS CULTOS AFRO BRAS    28021810 000025
10231987175000168817800093673    00008040                     000080400000000000000109                     I018040      28021800000000035003410000017N291217050900000000000102802180000000000000000000000000000000000000000100074192523787RUTH DE OLIVEIRA RAMOS                  O MESMO                                 O MESMO     23028210RIO DE JANEIRO RJUNIAO UMB DOS CULTOS AFRO BRAS    28021810 000026
10231987175000168817800093673    00008039                     000080390000000000000109                     I018039      28021800000000035003410000017N291217050900000000000102802180000000000000000000000000000000000000000100054196159753FRANCISCA DAVI DE OLIVEIRA              AVENIDA GILKA MACHADO Nº 152           RECREIO DO B22795570RIO DE JANEIRO RJUNIAO UMB DOS CULTOS AFRO BRAS    28021810 000027
10231987175000168817800093673    00008038                     000080380000000000000109                     I018038      28021800000000035003410000017N291217050900000000000102802180000000000000000000000000000000000000000100053699394700UBIRAJARA PEREIRA FRANCO                AV. BRASIL 17191 BLOCO 35 APTº 2002    IRAJA       21230240RIO DE JANEIRO RJUNIAO UMB DOS CULTOS AFRO BRAS    28021810 000028
10231987175000168817800093673    00008037                     000080370000000000000109                     I018037      28021800000000035003410000017N291217050900000000000102802180000000000000000000000000000000000000000100030011370700HELENA CAVALCANTE MARQUES               RUA DOUTOR PASSOS Nº 35 FUNDOS         MADUREIRA - 21310160RIO DE JANEIRO RJUNIAO UMB DOS CULTOS AFRO BRAS    28021810 000029
10231987175000168817800093673    00008036                     000080360000000000000109                     I018036      28021800000000035003410000017N291217050900000000000102802180000000000000000000000000000000000000000100093431619720GUILHERME LUIZ BASILIO                  RUA, BARAO DO BOM RETIRO Nº 556 FUNDOS ENGENHO NOVO20551140RIO DE JANEIRO RJUNIAO UMB DOS CULTOS AFRO BRAS    28021810 000030
10231987175000168817800093673    00008035                     000080350000000000000109                     I018035      28021800000000035003410000017N291217050900000000000102802180000000000000000000000000000000000000000100010078178797ALINE CORREA SOUZA                      AVENIDA PILAR DO SUL LOTE 42 QUADRA 23  GUARATIBA - 23033160RIO DE JANEIRO RJUNIAO UMB DOS CULTOS AFRO BRAS    28021810 000031
10231987175000168817800093673    00008034                     000080340000000000000109                     I018034      28021800000000035003410000017N291217050900000000000102802180000000000000000000000000000000000000000100073871729787RENATO GOMES SILVA                      RUA JURIPIRANGA LOTE 18 QUADRA 129      COSMOS - RIO23060020RIO DE JANEIRO RJUNIAO UMB DOS CULTOS AFRO BRAS    28021810 000032
10231987175000168817800093673    00008033                     000080330000000000000109                     I018033      28021800000000035003410000017N291217050900000000000102802180000000000000000000000000000000000000000100083441271734NAELSON MAGALHAES DE AVELLAR            RUA ONZE LOTE 1 CASA 1                  GUANDU L - S23560778SANTA CRUZ     RJUNIAO UMB DOS CULTOS AFRO BRAS    28021810 000033
10231987175000168817800093673    00008032                     000080320000000000000109                     I018032      28021800000000035003410000017N291217050900000000000102802180000000000000000000000000000000000000000100010084300728RODRIGO ALVES DE PINHO                  RUA JOVITA FEITOSA N 131                VILA SAO JUD25243570DUQUE DE CAXIASRJUNIAO UMB DOS CULTOS AFRO BRAS    28021810 000034
10231987175000168817800093673    00008031                     000080310000000000000109                     I018031      28021800000000035003410000017N291217050900000000000102802180000000000000000000000000000000000000000100060052830730PAULO CESAR BARRETO ALVES               RUA ANGELO DOS REIS N 207 FUNDOS        USINA - ALTO20531010RIO DE JANEIRO RJUNIAO UMB DOS CULTOS AFRO BRAS    28021810 000035
10231987175000168817800093673    00008030                     000080300000000000000109                     I018030      28021800000000035003410000017N291217050900000000000102802180000000000000000000000000000000000000000100000615134742CONCEICAO DE SOUZA CAPITANO             RUA MECA N 103 - SAO BENEDITO           SAO BENEDITO26022540NOVA IGUACU    RJUNIAO UMB DOS CULTOS AFRO BRAS    28021810 000036
10231987175000168817800093673    00008028                     000080280000000000000109                     I018028      28021800000000035003410000017N291217050900000000000102802180000000000000000000000000000000000000000100001192135750CREUZA MARIA DA CONCEICAO               RUA BENEDITO LACERDA N 320              VILA CORCUND23071340CAMPO GRANDE   RJUNIAO UMB DOS CULTOS AFRO BRAS    28021810 000037
10231987175000168817800093673    00008026                     000080260000000000000109                     I028026      28021800000000035003410000017N291217050900000000000102802180000000000000000000000000000000000000000100066053560715CELSO IZIDORO FELIX                     RUA AGAI N 1254 FUNDOS                  JARDIM PALMA23065620SANTA CRUZ     RJUNIAO UMB DOS CULTOS AFRO BRAS    28021810 000038
10231987175000168817800093673    00008025                     000080250000000000000109                     I018025      28021800000000035003410000017N291217050900000000000102802180000000000000000000000000000000000000000100070421609753DERIVALDA DE JESUS MOREIRA              AVENIDA OSWALDO CRUZ N 55 APT 101       CENTRO - NIL26530100NILOPOLIS      RJUNIAO UMB DOS CULTOS AFRO BRAS    28021810 000039
10231987175000168817800093673    00008024                     000080240000000000000109                     I018024      28021800000000035003410000017N291217050900000000000102802180000000000000000000000000000000000000000100071741798787JAILTON DA SILVA VIEIRA                 RUA DA GAVEA N 3911                     VILA LEOPOLD25060300DUQUE DE CAXIASRJUNIAO UMB DOS CULTOS AFRO BRAS    28021810 000040
10231987175000168817800093673    00008023                     000080230000000000000109                     I018023      28021800000000035003410000017N291217050900000000000102802180000000000000000000000000000000000000000100069876207768JUREMA DIONISIO RODRIGUES               RUA CARLOS OLIMPIO DE MELLO N 59 CASA 1 PACIENCIA - 23585160RIO DE JANEIRO RJUNIAO UMB DOS CULTOS AFRO BRAS    28021810 000041
10231987175000168817800093673    00008022                     000080220000000000000109                     I018022      28021800000000035003410000017N291217050900000000000102802180000000000000000000000000000000000000000100001859792707REGIS GOMES DE OLIVEIRA                 AVENIDA DO CANAL N 54 - CONDOMINIO VALE ALBUQUERQUE 25976560TERESOPOLIS    RJUNIAO UMB DOS CULTOS AFRO BRAS    28021810 000042
10231987175000168817800093673    00008021                     000080210000000000000109                     I018021      28021800000000035003410000017N291217050900000000000102802180000000000000000000000000000000000000000100062188739787MARIO MACHADO DA CAMARA BRAZAO          RUA ALDEMAR PAIVA N 138                 BADU - PENDO24320230NITEROI        RJUNIAO UMB DOS CULTOS AFRO BRAS    28021810 000043
10231987175000168817800093673    00008020                     000080200000000000000109                     I018020      28021800000000035003410000017N291217050900000000000102802180000000000000000000000000000000000000000100001037627792FRANCE BATISTA CRESPO                   RUA CAPITAO MACHADO N 604 CASA 4        PRACA SECA -20740230RIO DE JANEIRO RJUNIAO UMB DOS CULTOS AFRO BRAS    28021810 000044
10231987175000168817800093673    00008019                     000080190000000000000109                     I018019      28021800000000035003410000017N291217050900000000000102802180000000000000000000000000000000000000000100000000934798CELSO LINS ROSA (OGAN)                  RUA LAGEADO N 70                        COLEGIO - RI21540680RIO DE JANEIRO RJUNIAO UMB DOS CULTOS AFRO BRAS    28021810 000045
10231987175000168817800093673    00008018                     000080180000000000000109                     I018018      28021800000000035003410000017N291217050900000000000102802180000000000000000000000000000000000000000100001050327780MARIA LUCIA DE FATIMA FERREIRA          RUA BUDAPESTE N 172 CASA 2 - BANCARIOS  BANCARIOS - 21911300RIO DE JANEIRO RJUNIAO UMB DOS CULTOS AFRO BRAS    28021810 000046
10231987175000168817800093673    00008017                     000080170000000000000109                     I018017      28021800000000035003410000017N291217050900000000000102802180000000000000000000000000000000000000000100004765875733BEATRIZ GOMES DEMIRSKY                  AVENIDA MERITI N 1421 APT 201           VILA DA PENH21220201RIO DE JANEIRO RJUNIAO UMB DOS CULTOS AFRO BRAS    28021810 000047
10231987175000168817800093673    00008016                     000080160000000000000109                     I018016      28021800000000035003410000017N291217050900000000000102802180000000000000000000000000000000000000000100009611659792ALUIZIO RODRIGUES RIBEIRO               RUA GARCIA PIRES N° 82 CASA 3          QUINTINO - R21331300RIO DE JANEIRO RJUNIAO UMB DOS CULTOS AFRO BRAS    28021810 000048
10231987175000168817800093673    00008015                     000080150000000000000109                     I018015      28021800000000035003410000017N291217050900000000000102802180000000000000000000000000000000000000000100058924477749MARIA DAS GRACAS AZEVEDO RIBEI          RUA VICENTE LIMA                        TEL 2662.73625560240SAO JOAO DE MERRJUNIAO UMB DOS CULTOS AFRO BRAS    28021810 000049
10231987175000168817800093673    00008014                     000080140000000000000109                     I018014      28021800000000035003410000017N291217050900000000000102802180000000000000000000000000000000000000000100007812001725FLAVIA DA ROSA SANTANA                  RUA PEDRO TELES N° 484 CENTRO          CENTRO-SAO J25515030SAO JOAO DE MERRJUNIAO UMB DOS CULTOS AFRO BRAS    28021810 000050
10231987175000168817800093673    00008013                     000080130000000000000109                     I018013      28021800000000035003410000017N291217050900000000000102802180000000000000000000000000000000000000000100000129820750JONAS DE SOUZA FERREIRA                 RUA RIACHO DOCE N 88                    OSWALDO CRUZ21340340RIO DE JANEIRO RJUNIAO UMB DOS CULTOS AFRO BRAS    28021810 000051
10231987175000168817800093673    00008012                     000080120000000000000109                     I018012      28021800000000035003410000017N291217050900000000000102802180000000000000000000000000000000000000000100088407721700CELSO DE OLIVEIRA ALBUQUERQUE           RUA ANHANGUERA LOTE 50 QUADRA 11        SAO BERNARDO26160660BELFORD ROXO   RJUNIAO UMB DOS CULTOS AFRO BRAS    28021810 000052
10231987175000168817800093673    00008011                     000080110000000000000109                     I018011      28021800000000035003410000017N291217050900000000000102802180000000000000000000000000000000000000000100096290986791CENTRO ESPIRITA DAMIAO (NEIL D          RUA VICENTE CELESTINO LOTE 4 QUADRA 1   COLUMBANDE -24744740SAO GONCALO    RJUNIAO UMB DOS CULTOS AFRO BRAS    28021810 000053
10231987175000168817800093673    00008010                     000080100000000000000109                     I018010      28021800000000035003410000017N291217050900000000000102802180000000000000000000000000000000000000000100001559752777CLAUDIA DA SILVA FERREIRA ANTO          RUA SAO JOAO N 89                       COSMOS - INH23060720INHOAIBA       RJUNIAO UMB DOS CULTOS AFRO BRAS    28021810 000054
10231987175000168817800093673    00008009                     000080090000000000000109                     I018009      28021800000000035003410000017N291217050900000000000102802180000000000000000000000000000000000000000100003792312762MARCIA REGINA DE SOUZA DA SILV          AVENIDA ALHAMBRA LOTE 12 QUADRA 9       BEL CRIMA - 23045805CAMPO GRANDE   RJUNIAO UMB DOS CULTOS AFRO BRAS    28021810 000055
10231987175000168817800093673    00008008                     000080080000000000000109                     I018008      28021800000000035003410000017N291217050900000000000102802180000000000000000000000000000000000000000100018338577715MARILDA ALVES DE ALMEIDA                RUA BORBOREMA  37                       MADUREIRA   21360150RIO DE JANEIRO RJUNIAO UMB DOS CULTOS AFRO BRAS    28021810 000056
10231987175000168817800093673    00008007                     000080070000000000000109                     I018007      28021800000000035003410000017N291217050900000000000102802180000000000000000000000000000000000000000100058486496772CELIA DOMINGOS DA SILVA                 RUA JANETE N 461                        BANCO DE ARE26275020MESQUITA       RJUNIAO UMB DOS CULTOS AFRO BRAS    28021810 000057
10231987175000168817800093673    00008006                     000080060000000000000109                     I018006      28021800000000035003410000017N291217050900000000000102802180000000000000000000000000000000000000000100058234110730FRANCISCA ARAUJO VASCONCELOS            AVENIDA CEZARIO DE MELO N 3720 BLOCO 3 ACAMPO GRANDE26051470RIO DE JANEIRO RJUNIAO UMB DOS CULTOS AFRO BRAS    28021810 000058
10231987175000168817800093673    00008005                     000080050000000000000109                     I018005      28021800000000035003410000017N291217050900000000000102802180000000000000000000000000000000000000000100082940983704JURACIARA DA CONCEICAO                  RUA ASSIS VASCONCELOS N 385             PILARES - RI20755010RIO DE JANEIRO RJUNIAO UMB DOS CULTOS AFRO BRAS    28021810 000059
10231987175000168817800093673    00008004                     000080040000000000000109                     I018004      28021800000000035003410000017N291217050900000000000102802180000000000000000000000000000000000000000100066391482772VERA LUCIA BARBOSA FERREIRA (D          RUA JOAO VICENTE N 1695 SOBRADO         MARECHAL HER21610210RIO DE JANEIRO RJUNIAO UMB DOS CULTOS AFRO BRAS    28021810 000060
10231987175000168817800093673    00008002                     000080020000000000000109                     I018002      28021800000000035003410000017N291217050900000000000102802180000000000000000000000000000000000000000100067165664734JAIRINO DOS SANTOS E JUREMA J.          TRAVESSA ALVARENGA N 80                 EDSON PASSOS26246150MESQUITA       RJUNIAO UMB DOS CULTOS AFRO BRAS    28021810 000061
10231987175000168817800093673    00007999                     000079990000000000000109                     I017999      28021800000000035003410000017N291217050900000000000102802180000000000000000000000000000000000000000100006944630788MARCOS AURELIO DO NASCIMENTO B          RUA PEDRO HERNESTO N 158 CASA 2         ENGENHEIRO P25015290DUQUE DE CAXIASRJUNIAO UMB DOS CULTOS AFRO BRAS    28021810 000062
10231987175000168817800093673    00007998                     000079980000000000000109                     I017998      28021800000000035003410000017N291217050900000000000102802180000000000000000000000000000000000000000100075643081768ELISABETE MOREIRA FREIRE DA SI          RUA ARACA N 1245                        RICARDO DE A21620050RIO DE JANEIRO RJUNIAO UMB DOS CULTOS AFRO BRAS    28021810 000063
10231987175000168817800093673    00007996                     000079960000000000000109                     I017996      28021800000000035003410000017N291217050900000000000102802180000000000000000000000000000000000000000100033907986768HELOISA HELENA RODRIGUES VALEN          RUA PASCOAL SEGRETO N 86                JOA - BARRA 22611150RIO DE JANEIRO RJUNIAO UMB DOS CULTOS AFRO BRAS    28021810 000064
10231987175000168817800093673    00007994                     000079940000000000000109                     I017994      28021800000000035003410000017N291217050900000000000102802180000000000000000000000000000000000000000100077414349772MARIA DA GLORIA RAMOS DOS SANT          RUA SANTO ANSEMO, 45 BLOCO 2 APTO 108   GUADALUPE - 21660210RIO DE JANEIRO RJUNIAO UMB DOS CULTOS AFRO BRAS    28021810 000065
10231987175000168817800093673    00007989                     000079890000000000000109                     I017989      28021800000000035003410000017N291217050900000000000102802180000000000000000000000000000000000000000100093151179720ELIZABETH DA SILVA GOIS                 RUA RAFAEL HAENNY, 2 LOTE 2 QUADRA 4    SEPETIBA - R23535640RIO DE JANEIRO RJUNIAO UMB DOS CULTOS AFRO BRAS    28021810 000066
10231987175000168817800093673    00007986                     000079860000000000000109                     I017986      28021800000000035003410000017N291217050900000000000102802180000000000000000000000000000000000000000100077547691749NEUSA MORAES DOS SANTOS                 RUA DEZOITO, 30                         JARDIM DA PA25930000MAGE           RJUNIAO UMB DOS CULTOS AFRO BRAS    28021810 000067
10231987175000168817800093673    00007985                     000079850000000000000109                     I017985      28021800000000035003410000017N291217050900000000000102802180000000000000000000000000000000000000000100048137880763PEDRO SILVA DO NASCIMENTO               ESTRADA DO TAQUARAL, 100 QUADRA 3 BLOCO BANGU - RIO 21842550RIO DE JANEIRO RJUNIAO UMB DOS CULTOS AFRO BRAS    28021810 000068
10231987175000168817800093673    00007984                     000079840000000000000109                     I017984      28021800000000035003410000017N291217050900000000000102802180000000000000000000000000000000000000000100058500120797CIRLEA SALDANHA DA COSTA                RUA CARAMURU, LOTE 7 QUADRA 54          PRACA DA BAN25560110SAO JOAO DE MERRJUNIAO UMB DOS CULTOS AFRO BRAS    28021810 000069
10231987175000168817800093673    00007982                     000079820000000000000109                     I017982      28021800000000035003410000017N291217050900000000000102802180000000000000000000000000000000000000000100003778949748MARLENE PEREIRA DA SILVA MELO           RUA BARAO DE AMAZONAS S/Nº             MARIA CONGA 25900000MAGE           RJUNIAO UMB DOS CULTOS AFRO BRAS    28021810 000070
10231987175000168817800093673    00007981                     000079810000000000000109                     I017981      28021800000000035003410000017N291217050900000000000102802180000000000000000000000000000000000000000100005538511790VALNEI BARBOSA DA SILVA                 RUA: DOS RUBIS Nº 19 - INHOAIBA        CAMPO GRANDE23064670RIO DE JANEIRO RJUNIAO UMB DOS CULTOS AFRO BRAS    28021810 000071
10231987175000168817800093673    00007980                     000079800000000000000109                     I017980      28021800000000035003410000017N291217050900000000000102802180000000000000000000000000000000000000000100028842723720HELENITA ANTONIA DE JESUS               RUA: ROBERTO CONSTANTINESCO 334         GUADALUPE   21675450RIO DE JANEIRO RJUNIAO UMB DOS CULTOS AFRO BRAS    28021810 000072
10231987175000168817800093673    00007977                     000079770000000000000109                     I017977      28021800000000035003410000017N291217050900000000000102802180000000000000000000000000000000000000000100001834521785MARCELO TEIXEIRA ORSI                   RUA A, 15 QUADRA 93 CASA 2              PARADA MORAB25000000DUQUE DE CAXIASRJUNIAO UMB DOS CULTOS AFRO BRAS    28021810 000073
10231987175000168817800093673    00007974                     000079740000000000000109                     I017974      28021800000000035003410000017N291217050900000000000102802180000000000000000000000000000000000000000100082351376749ALDA LUCIA DA SILVA                     RUA ANTONIO MARINS DE OLIVEIRA, 479     SAO MATEUS -25530000SAO JOAO DE MERRJUNIAO UMB DOS CULTOS AFRO BRAS    28021810 000074
10231987175000168817800093673    00007972                     000079720000000000000109                     I017972      28021800000000035003410000017N291217050900000000000102802180000000000000000000000000000000000000000100003029004708ANDREA GUIMARAES MARTINS                RUA ANA CRISTINA 31 - VILA GUIMARAES    VILA GUIMARA26088175NOVA IGUACU    RJUNIAO UMB DOS CULTOS AFRO BRAS    28021810 000075
10231987175000168817800093673    00007971                     000079710000000000000109                     I017971      28021800000000035003410000017N291217050900000000000102802180000000000000000000000000000000000000000100032615515772WALDEMIR JOSE ALVES                     RUA FLORIANO DE GODOI, 814 CASA 1       25 DE AGOSTO25085050DUQUE DE CAXIASRJUNIAO UMB DOS CULTOS AFRO BRAS    28021810 000076
10231987175000168817800093673    00007969                     000079690000000000000109                     I017969      28021800000000035003410000017N291217050900000000000102802180000000000000000000000000000000000000000100041008154768ELISEU CAMARGO ARTHOU                   ESTRADA DO ENGENHO NOVO N 505 FUNDOS    ANCHIETA    21620241RIO DE JANEIRO RJUNIAO UMB DOS CULTOS AFRO BRAS    28021810 000077
10231987175000168817800093673    00007962                     000079620000000000000109                     I017962      28021800000000035003410000017N291217050900000000000102802180000000000000000000000000000000000000000100066391482772VERA LUCIA BARBOSA FERREIRA             RUA APARECIDA, 427                      EDEN - SAO J25535020SAO JOAO DE MERRJUNIAO UMB DOS CULTOS AFRO BRAS    28021810 000078
10231987175000168817800093673    00007961                     000079610000000000000109                     I027961      28021800000000035003410000017N291217050900000000000102802180000000000000000000000000000000000000000100096337273753GENETE FRAZAO DE OLIVEIRA               RUA APURINAS, 218 CASA 1                TURIACU - RJ21540310RIO DE JANEIRO RJUNIAO UMB DOS CULTOS AFRO BRAS    28021810 000079
10231987175000168817800093673    00007960                     000079600000000000000109                     I017960      28021800000000035003410000017N291217050900000000000102802180000000000000000000000000000000000000000100054101778787ROSARIA MARIA DAS CHAGAS DA SI          RUA DA AERONAUTICA, 61                  SENADOR CAMA21831410RIO DE JANEIRO RJUNIAO UMB DOS CULTOS AFRO BRAS    28021810 000080
10231987175000168817800093673    00007959                     000079590000000000000109                     I027959      28021800000000035003410000017N291217050900000000000102802180000000000000000000000000000000000000000100093440707768EDSON MONTEIRO DE ALMEIDA               RUA JOAQUIM TEIXEIRA, 90 APTO 103       OSVALDO CRUZ21351260RIO DE JANEIRO RJUNIAO UMB DOS CULTOS AFRO BRAS    28021810 000081
10231987175000168817800093673    00007955                     000079550000000000000109                     I017955      28021800000000035003410000017N291217050900000000000102802180000000000000000000000000000000000000000100054329824591CATIA DE SOUZA DALTRO                   RUA FREDERICO LIMA N 180                MADUREIRA - 21360280RIO DE JANEIRO RJUNIAO UMB DOS CULTOS AFRO BRAS    28021810 000082
10231987175000168817800093673    00007950                     000079500000000000000109                     I017950      28021800000000035003410000017N291217050900000000000102802180000000000000000000000000000000000000000100059463376704MARIA DA PENHA AZEVEDO SANTOS           RUA ITABIRA, 784                        VILA ITAMARA25070260DUQUE DE CAXIASRJUNIAO UMB DOS CULTOS AFRO BRAS    28021810 000083
10231987175000168817800093673    00007945                     000079450000000000000109                     I017945      28021800000000035003410000017N291217050900000000000102802180000000000000000000000000000000000000000100007062360767IVONETE GOMES DOS SANTOS                AVENIDA PORTO DA MADAME, 555            GRADIM - SAO24431310SAO GONCALO    RJUNIAO UMB DOS CULTOS AFRO BRAS    28021810 000084
10231987175000168817800093673    00007944                     000079440000000000000109                     I017944      28021800000000035003410000017N291217050900000000000102802180000000000000000000000000000000000000000100000475441710KASSIA DAMAZIO SOBRINHO                 RUA OPNIAO LIBERA, 27                   JACAREPAGUA 22715130RIO DE JANEIRO RJUNIAO UMB DOS CULTOS AFRO BRAS    28021810 000085
10231987175000168817800093673    00007940                     000079400000000000000109                     I017940      28021800000000035003410000017N291217050900000000000102802180000000000000000000000000000000000000000100084964910725LIA MARIA DA SILVA                      RUA LUIZ QUEIROZ DE NOGUEIRA, LOTE 26 QUCOLUBANDE - 24744020SAO GONCALO    RJUNIAO UMB DOS CULTOS AFRO BRAS    28021810 000086
10231987175000168817800093673    00007939                     000079390000000000000109                     I017939      28021800000000035003410000017N291217050900000000000102802180000000000000000000000000000000000000000100052357023791DILMA DA SILVA BILONIA                  RUA CERES N 603                         BANGU - RJ  21862070RIO DE JANEIRO RJUNIAO UMB DOS CULTOS AFRO BRAS    28021810 000087
10231987175000168817800093673    00007937                     000079370000000000000109                     I017937      28021800000000035003410000017N291217050900000000000102802180000000000000000000000000000000000000000100061991465734JANDIRA AMELIA PAULA DE OLIVEI          RUA SALVADOR DO MONTE, 487 (ANTIGA RUA OBOACU - SAO 24467300SAO GONCALO    RJUNIAO UMB DOS CULTOS AFRO BRAS    28021810 000088
10231987175000168817800093673    00007935                     000079350000000000000109                     I017935      28021800000000035003410000017N291217050900000000000102802180000000000000000000000000000000000000000100050475142772LUIZ GONCALVES COLARES                  RUA LEONEL BRIZOLA, QUADRA A LOTE 11 - NPACIENCIA - 23587010RIO DE JANEIRO RJUNIAO UMB DOS CULTOS AFRO BRAS    28021810 000089
10231987175000168817800093673    00007933                     000079330000000000000109                     I017933      28021800000000035003410000017N291217050900000000000102802180000000000000000000000000000000000000000100004275143710NILZA DA COSTA ETELVINO                 RUA SETE, 80 - CONJUNTO CAMPINHO        CAMPO GRANDE23067130RIO DE JANEIRO RJUNIAO UMB DOS CULTOS AFRO BRAS    28021810 000090
10231987175000168817800093673    00007932                     000079320000000000000109                     I027932      28021800000000035003410000017N291217050900000000000102802180000000000000000000000000000000000000000100087520427749MARIA DA CONCEICAO VIEIRA CORR          RUA NOSSA SENHORA DOS NAVEGANTES, LOTE 2VILAR DOS TE25561310SAO JOAO DE MERRJUNIAO UMB DOS CULTOS AFRO BRAS    28021810 000091
10231987175000168817800093673    00007931                     000079310000000000000109                     I017931      28021800000000035003410000017N291217050900000000000102802180000000000000000000000000000000000000000100000120098733MARIA APARECIDA SOUZA DA SILVA          RUA NOVE, 424 LOTE 3 QUADRA B - JARDIM DPRAIA DE MAU25930000MAGE           RJUNIAO UMB DOS CULTOS AFRO BRAS    28021810 000092
10231987175000168817800093673    00007923                     000079230000000000000109                     I017923      28021800000000035003410000017N291217050900000000000102802180000000000000000000000000000000000000000100000064595790JORGE ERNESTO FERREIRA VICHI            RUA PAULO RIBEIRO BASTOS, 148 CASA 2    PACIENCIA - 23587230RIO DE JANEIRO RJUNIAO UMB DOS CULTOS AFRO BRAS    28021810 000093
10231987175000168817800093673    00007922                     000079220000000000000109                     I017922      28021800000000035003410000017N291217050900000000000102802180000000000000000000000000000000000000000100034946018700SIDNEY ESTRELA EVANGELISTA              RUA ELZA SN QUADRA 34 LOTE 39           JARDIM GUANA26321020QUEIMADOS      RJUNIAO UMB DOS CULTOS AFRO BRAS    28021810 000094
10231987175000168817800093673    00007921                     000079210000000000000109                     I017921      28021800000000035003410000017N291217050900000000000102802180000000000000000000000000000000000000000100001173292748REINALTO BATISTA SILVEIRA               RUA MANOEL MACHADO DE OLIVEIRA, 55      MARIA LUIZA 23060000CAMPO GRANDE   RJUNIAO UMB DOS CULTOS AFRO BRAS    28021810 000095
10231987175000168817800093673    00007918                     000079180000000000000109                     I017918      28021800000000035003410000017N291217050900000000000102802180000000000000000000000000000000000000000100075300931772ALTAIR DE SOUZA COSTA                   RUA SETE DE SETEMBRO, LOTE 15 QUADRA 7 -CABUCU - NOV26293486NOVA IGUACU    RJUNIAO UMB DOS CULTOS AFRO BRAS    28021810 000096
10231987175000168817800093673    00007917                     000079170000000000000109                     I017917      28021800000000035003410000017N291217050900000000000102802180000000000000000000000000000000000000000100010120070731GABRIEL LAERTE DA SILVA                 ESTRADA DE MADUREIRA, 2025              MARIPICU - N26365220NOVA IGUACU    RJUNIAO UMB DOS CULTOS AFRO BRAS    28021810 000097
10231987175000168817800093673    00007913                     000079130000000000000109                     I017913      28021800000000040003410000017N291217050900000000000102802180000000000000000000000000000000000000000100087292971768ANTONIA HERMINIA DA SILVA               RUA PROFESSOR SILVIO ELIAS              VARGEM GRAND22783235RIO DE JANEIRO RJUNIAO UMB DOS CULTOS AFRO BRAS    28021810 000098
10231987175000168817800093673    00007908                     000079080000000000000109                     I017908      28021800000000035003410000017N291217050900000000000102802180000000000000000000000000000000000000000100095294236753ROSANE MOREIRA DE LIMA                  RUA IRIGUATI Nº 63                     OLARIA      21073320RIO DE JANEIRO RJUNIAO UMB DOS CULTOS AFRO BRAS    28021810 000099
10231987175000168817800093673    00007907                     000079070000000000000109                     I017907      28021800000000035003410000017N291217050900000000000102802180000000000000000000000000000000000000000100050965158772NORMA GONCALVES DIAS                    RUA MARQUES DE QUELUZ N 41              IRAJA - RIO 21235120RIO DE JANEIRO RJUNIAO UMB DOS CULTOS AFRO BRAS    28021810 000100
10231987175000168817800093673    00007905                     000079050000000000000109                     I017905      28021800000000035003410000017N291217050900000000000102802180000000000000000000000000000000000000000100000441127770NOEMIA DINANTES GOMES                   RUA COELHO DA ROCHA N 596               AGOSTINHO PO25550690SAO JOAO DE MERRJUNIAO UMB DOS CULTOS AFRO BRAS    28021810 000101
10231987175000168817800093673    00007904                     000079040000000000000109                     I017904      28021800000000035003410000017N291217050900000000000102802180000000000000000000000000000000000000000100098456164704JUCEMAR DOS SANTOS ESTEVES              RUA ABEL DE ALVARENGA N 62              CHATUBA - ME26585000MESQUITA       RJUNIAO UMB DOS CULTOS AFRO BRAS    28021810 000102
10231987175000168817800093673    00007903                     000079030000000000000109                     I017903      28021800000000035003410000017N291217050900000000000102802180000000000000000000000000000000000000000100008983253746SHEILA DE SANTANA RAMOS                 RUA GUAJERU LOTE 16                     GUARABU - IL21921410ILHA DO GOVERNARJUNIAO UMB DOS CULTOS AFRO BRAS    28021810 000103
10231987175000168817800093673    00007902                     000079020000000000000109                     I017902      28021800000000035003410000017N291217050900000000000102802180000000000000000000000000000000000000000100000903948796MARIA VILANY DE OLIVEIRA BIEGL          RUA D SN LOTE 68 QUADRA 13              PARQUE SANTA25915000MAGE           RJUNIAO UMB DOS CULTOS AFRO BRAS    28021810 000104
10231987175000168817800093673    00007901                     000079010000000000000109                     I017901      28021800000000035003410000017N291217050900000000000102802180000000000000000000000000000000000000000100075487640734MARIA VIRGINIA TIAGO DA SILVA           RUA DO ALGODAO N 786                    RICARDO DE A21620040RIO DE JANEIRO RJUNIAO UMB DOS CULTOS AFRO BRAS    28021810 000105
10231987175000168817800093673    00007897                     000078970000000000000109                     I017897      28021800000000035003410000017N291217050900000000000102802180000000000000000000000000000000000000000100004291038755MARIA DE FATIMA VIANA DE CARVA          RUA FERREIRA CHAVES, 701                VILA COSMOS 21221090RIO DE JANEIRO RJUNIAO UMB DOS CULTOS AFRO BRAS    28021810 000106
10231987175000168817800093673    00007894                     000078940000000000000109                     I017894      28021800000000035003410000017N291217050900000000000102802180000000000000000000000000000000000000000100002340783755VERA LUCIA MARQUES DOS SANTOS           RUA MORANGABA  29                       GUADALUPE  R21665140RIO DE JANEIRO RJUNIAO UMB DOS CULTOS AFRO BRAS    28021810 000107
10231987175000168817800093673    00007893                     000078930000000000000109                     I017893      28021800000000035003410000017N291217050900000000000102802180000000000000000000000000000000000000000100039914666787JUSSARA MARANHAO DA SILVA               RUA AGUAS BELAS N 174                   AURORA - SAO23055580CAMPO GRANDE   RJUNIAO UMB DOS CULTOS AFRO BRAS    28021810 000108
9                                                                                                                                                                                                                                                                                                                                                                                                         000109
