01REMESSA01COBRANCA       916200163100        União Umb dos Cultos Afro Bra341BANCO ITAU SA  140518                                                                                                                                                                                                                                                                                                      000001
10231987175000168916200163100    000020980                    000209800000000000000109                     I0120980     29061800000000175003410000017N140518104700000000000102906180000000000000000000000000000000000000000100007173659728DULCINEIA SILVA DE SOUZA                RUA DO SOUTO, 377 CASA 7                CASCADURA - 21311270RIO DE JANEIRO RJUNIAO UMB DOS CULTOS AFRO BRAS    29061810 000002
10231987175000168916200163100    000020979                    000209790000000000000109                     I0120979     16051800000000070003410000017N140518104700000000000101605180000000000000000000000000000000000000000100003341741738CASSIA GOMES CASTORINO                  RUA: COMENDADOR CRISOSTEMO CRUZ LOTE 13 STª MARIA -26165400BELFORD ROXO   RJUNIAO UMB DOS CULTOS AFRO BRAS    16051810 000003
10231987175000168916200163100    000020978                    000209780000000000000109                     I0120978     15061800000000340003410000017N110518104700000000000101506180000000000000000000000000000000000000000100083780262720MARIA JOANA DOROTEIA DE PAULA           ESTRADA MERINGUAVA, 701 PINHEIRO 11     TAQUARA - JA22725442RIO DE JANEIRO RJUNIAO UMB DOS CULTOS AFRO BRAS    15061810 000004
10231987175000168916200163100    000020977                    000209770000000000000109                     I0120977     16051800000000070003410000017N110518104700000000000101605180000000000000000000000000000000000000000100011297806786THIAGO PEREIRA DE BRITO                 RUA SAO JANUARIO                        269         24130386NITEROI        RJUNIAO UMB DOS CULTOS AFRO BRAS    16051810 000005
10231987175000168916200163100    000020976                    000209760000000000000109                     I0120976     05061800000000340003410000017N110518104700000000000100506180000000000000000000000000000000000000000100000339035730RICARDO MARREIROS NETO                  ESTRADA DO MORGADO N 511                VARGEM GRAND22785550RIO DE JANEIRO RJUNIAO UMB DOS CULTOS AFRO BRAS    05061810 000006
10231987175000168916200163100    000020968                    000209680000000000000109                     I0220968     30081800000000035003410000017N100518104700000000000103008180000000000000000000000000000000000000000100055041388768GERALDO JOSE DE OLIVEIRA                RUA CARDEAL DOM SEBASTIAO LEME, 115 APTOSANTA TEREZA22040010RIO DE JANEIRO RJUNIAO UMB DOS CULTOS AFRO BRAS    30081810 000007
10231987175000168916200163100    000020967                    000209670000000000000109                     I0220967     30071800000000035003410000017N100518104700000000000103007180000000000000000000000000000000000000000100055041388768GERALDO JOSE DE OLIVEIRA                RUA CARDEAL DOM SEBASTIAO LEME, 115 APTOSANTA TEREZA22040010RIO DE JANEIRO RJUNIAO UMB DOS CULTOS AFRO BRAS    30071810 000008
10231987175000168916200163100    000020966                    000209660000000000000109                     I0220966     30061800000000035003410000017N100518104700000000000103006180000000000000000000000000000000000000000100055041388768GERALDO JOSE DE OLIVEIRA                RUA CARDEAL DOM SEBASTIAO LEME, 115 APTOSANTA TEREZA22040010RIO DE JANEIRO RJUNIAO UMB DOS CULTOS AFRO BRAS    30061810 000009
10231987175000168916200163100    000020956                    000209560000000000000109                     I0220956     30081800000000035003410000017N100518104700000000000103008180000000000000000000000000000000000000000100009834155794NELY MARIA RODRIGUES DANTAS             RUA DA CONCEICAO, 70                    VARGEM ALEGR27155000BARRA DO PIRAI RJUNIAO UMB DOS CULTOS AFRO BRAS    30081810 000010
10231987175000168916200163100    000020955                    000209550000000000000109                     I0220955     30071800000000035003410000017N100518104700000000000103007180000000000000000000000000000000000000000100009834155794NELY MARIA RODRIGUES DANTAS             RUA DA CONCEICAO, 70                    VARGEM ALEGR27155000BARRA DO PIRAI RJUNIAO UMB DOS CULTOS AFRO BRAS    30071810 000011
10231987175000168916200163100    000020954                    000209540000000000000109                     I0220954     30061800000000035003410000017N100518104700000000000103006180000000000000000000000000000000000000000100009834155794NELY MARIA RODRIGUES DANTAS             RUA DA CONCEICAO, 70                    VARGEM ALEGR27155000BARRA DO PIRAI RJUNIAO UMB DOS CULTOS AFRO BRAS    30061810 000012
10231987175000168916200163100    000020164                    000201640000000000000109                     I0220164     30081800000000035003410000017N070518104700000000000103008180000000000000000000000000000000000000000100065753313787ELVIRA FLAUZINA CELSO                   RUA DA CONCEICAO, 112                   SANTA ROSA /27155000BARRA DO PIRAI RJUNIAO UMB DOS CULTOS AFRO BRAS    30081810 000013
10231987175000168916200163100    000019853                    000198530000000000000109                     I0219853     30081800000000035003410000017N070518104700000000000103008180000000000000000000000000000000000000000100033151440797LAUDICEIA FERRO DOS SANTOS              RUA ADISABEL, LOTE 10 QUADRA 39         NOVA AURORA 26155110BELFORD ROXO   RJUNIAO UMB DOS CULTOS AFRO BRAS    30081810 000014
10231987175000168916200163100    000019828                    000198280000000000000109                     I0219828     30081800000000035003410000017N070518104700000000000103008180000000000000000000000000000000000000000100002379534713ALEX EVANDRO CORREIA PETITINGA          RUA CARDOSO QUINTAO, 40                 PIEDADE - RJ21381460RIO DE JANEIRO RJUNIAO UMB DOS CULTOS AFRO BRAS    30081810 000015
10231987175000168916200163100    000019766                    000197660000000000000109                     I0219766     30081800000000035003410000017N070518104700000000000103008180000000000000000000000000000000000000000100093719744787SERGIO PEREIRA FRAGA                    RUA JURUBAIBA, 163 FUNDOS               HONORIO GURG21555170RIO DE JANEIRO RJUNIAO UMB DOS CULTOS AFRO BRAS    30081810 000016
10231987175000168916200163100    000019690                    000196900000000000000109                     I0219690     30081800000000035003410000017N070518104700000000000103008180000000000000000000000000000000000000000100002978000783FABIO PINTO MANTUANO                    LAURA MARIA PINTO MANTUANO - MAE        O MESMO     24900000MARICA         RJUNIAO UMB DOS CULTOS AFRO BRAS    30081810 000017
10231987175000168916200163100    000019483                    000194830000000000000109                     I0219483     30081800000000035003410000017N070518104700000000000103008180000000000000000000000000000000000000000100005552174771COSME DIAS DA SILVA                     TRAVESSA JOSELINA DE ANDRADE N 43       PORTO NOVO -24435811SAO GONCALO    RJUNIAO UMB DOS CULTOS AFRO BRAS    30081810 000018
10231987175000168916200163100    000019277                    000192770000000000000109                     I0219277     30081800000000350003410000017N070518104700000000000103008180000000000000000000000000000000000000000100047059770763MARIA MATHIAS DE OLIVEIRA               RUA CAMBUCI N 38                        MUQUECA - BA27140280BARRA DO PIRAI RJUNIAO UMB DOS CULTOS AFRO BRAS    30081810 000019
10231987175000168916200163100    000019260                    000192600000000000000109                     I0219260     30081800000000035003410000017N070518104700000000000103008180000000000000000000000000000000000000000100001080847790BENTO FRANCISCO DE LIMA NETO            RUA PITANGAS, 36 A - TIJUQUINHA         BARRA DA TIJ22713330RIO DE JANEIRO RJUNIAO UMB DOS CULTOS AFRO BRAS    30081810 000020
10231987175000168916200163100    000018594                    000185940000000000000109                     I0218594     30071800000000035003410000017N070518104700000000000103007180000000000000000000000000000000000000000100065753313787ELVIRA FLAUZINA CELSO                   RUA DA CONCEICAO, 112                   SANTA ROSA /27155000BARRA DO PIRAI RJUNIAO UMB DOS CULTOS AFRO BRAS    30071810 000021
10231987175000168916200163100    000018283                    000182830000000000000109                     I0218283     30071800000000035003410000017N070518104700000000000103007180000000000000000000000000000000000000000100033151440797LAUDICEIA FERRO DOS SANTOS              RUA ADISABEL, LOTE 10 QUADRA 39         NOVA AURORA 26155110BELFORD ROXO   RJUNIAO UMB DOS CULTOS AFRO BRAS    30071810 000022
10231987175000168916200163100    000018258                    000182580000000000000109                     I0218258     30071800000000035003410000017N070518104700000000000103007180000000000000000000000000000000000000000100002379534713ALEX EVANDRO CORREIA PETITINGA          RUA CARDOSO QUINTAO, 40                 PIEDADE - RJ21381460RIO DE JANEIRO RJUNIAO UMB DOS CULTOS AFRO BRAS    30071810 000023
10231987175000168916200163100    000018196                    000181960000000000000109                     I0218196     30071800000000035003410000017N070518104700000000000103007180000000000000000000000000000000000000000100093719744787SERGIO PEREIRA FRAGA                    RUA JURUBAIBA, 163 FUNDOS               HONORIO GURG21555170RIO DE JANEIRO RJUNIAO UMB DOS CULTOS AFRO BRAS    30071810 000024
10231987175000168916200163100    000018120                    000181200000000000000109                     I0218120     30071800000000035003410000017N070518104700000000000103007180000000000000000000000000000000000000000100002978000783FABIO PINTO MANTUANO                    LAURA MARIA PINTO MANTUANO - MAE        O MESMO     24900000MARICA         RJUNIAO UMB DOS CULTOS AFRO BRAS    30071810 000025
10231987175000168916200163100    000017913                    000179130000000000000109                     I0217913     30071800000000035003410000017N070518104700000000000103007180000000000000000000000000000000000000000100005552174771COSME DIAS DA SILVA                     TRAVESSA JOSELINA DE ANDRADE N 43       PORTO NOVO -24435811SAO GONCALO    RJUNIAO UMB DOS CULTOS AFRO BRAS    30071810 000026
10231987175000168916200163100    000017707                    000177070000000000000109                     I0217707     30071800000000350003410000017N070518104700000000000103007180000000000000000000000000000000000000000100047059770763MARIA MATHIAS DE OLIVEIRA               RUA CAMBUCI N 38                        MUQUECA - BA27140280BARRA DO PIRAI RJUNIAO UMB DOS CULTOS AFRO BRAS    30071810 000027
10231987175000168916200163100    000017690                    000176900000000000000109                     I0217690     30071800000000035003410000017N070518104700000000000103007180000000000000000000000000000000000000000100001080847790BENTO FRANCISCO DE LIMA NETO            RUA PITANGAS, 36 A - TIJUQUINHA         BARRA DA TIJ22713330RIO DE JANEIRO RJUNIAO UMB DOS CULTOS AFRO BRAS    30071810 000028
10231987175000168916200163100    000015404                    000154040000000000000109                     I0215404     30061800000000035003410000017N070518104700000000000103006180000000000000000000000000000000000000000100065753313787ELVIRA FLAUZINA CELSO                   RUA DA CONCEICAO, 112                   SANTA ROSA /27155000BARRA DO PIRAI RJUNIAO UMB DOS CULTOS AFRO BRAS    30061810 000029
10231987175000168916200163100    000015094                    000150940000000000000109                     I0215094     30061800000000035003410000017N070518104700000000000103006180000000000000000000000000000000000000000100033151440797LAUDICEIA FERRO DOS SANTOS              RUA ADISABEL, LOTE 10 QUADRA 39         NOVA AURORA 26155110BELFORD ROXO   RJUNIAO UMB DOS CULTOS AFRO BRAS    30061810 000030
10231987175000168916200163100    000015069                    000150690000000000000109                     I0215069     30061800000000035003410000017N070518104700000000000103006180000000000000000000000000000000000000000100002379534713ALEX EVANDRO CORREIA PETITINGA          RUA CARDOSO QUINTAO, 40                 PIEDADE - RJ21381460RIO DE JANEIRO RJUNIAO UMB DOS CULTOS AFRO BRAS    30061810 000031
10231987175000168916200163100    000015007                    000150070000000000000109                     I0215007     30061800000000035003410000017N070518104700000000000103006180000000000000000000000000000000000000000100093719744787SERGIO PEREIRA FRAGA                    RUA JURUBAIBA, 163 FUNDOS               HONORIO GURG21555170RIO DE JANEIRO RJUNIAO UMB DOS CULTOS AFRO BRAS    30061810 000032
10231987175000168916200163100    000014936                    000149360000000000000109                     I3414936     30061800000000035003410000017N070518104700000000000103006180000000000000000000000000000000000000000100038370999700JULIO ALEXANDRE FERREIRA                RUA BARAO DE JACUI, 254 CASA 16 FUNDOS  OSWALDO CRUZ21550310RIO DE JANEIRO RJUNIAO UMB DOS CULTOS AFRO BRAS    30061810 000033
10231987175000168916200163100    000014931                    000149310000000000000109                     I0214931     30061800000000035003410000017N070518104700000000000103006180000000000000000000000000000000000000000100002978000783FABIO PINTO MANTUANO                    LAURA MARIA PINTO MANTUANO - MAE        O MESMO     24900000MARICA         RJUNIAO UMB DOS CULTOS AFRO BRAS    30061810 000034
10231987175000168916200163100    000014724                    000147240000000000000109                     I0214724     30061800000000035003410000017N070518104700000000000103006180000000000000000000000000000000000000000100005552174771COSME DIAS DA SILVA                     TRAVESSA JOSELINA DE ANDRADE N 43       PORTO NOVO -24435811SAO GONCALO    RJUNIAO UMB DOS CULTOS AFRO BRAS    30061810 000035
10231987175000168916200163100    000014518                    000145180000000000000109                     I0214518     30061800000000350003410000017N070518104700000000000103006180000000000000000000000000000000000000000100047059770763MARIA MATHIAS DE OLIVEIRA               RUA CAMBUCI N 38                        MUQUECA - BA27140280BARRA DO PIRAI RJUNIAO UMB DOS CULTOS AFRO BRAS    30061810 000036
10231987175000168916200163100    000014501                    000145010000000000000109                     I0214501     30061800000000035003410000017N070518104700000000000103006180000000000000000000000000000000000000000100001080847790BENTO FRANCISCO DE LIMA NETO            RUA PITANGAS, 36 A - TIJUQUINHA         BARRA DA TIJ22713330RIO DE JANEIRO RJUNIAO UMB DOS CULTOS AFRO BRAS    30061810 000037
10231987175000168916200163100    000014412                    000144120000000000000109                     I3414412     30051800000000035003410000017N170418104700000000000103005180000000000000000000000000000000000000000100043397077753JOAO NORATO CEZARIO                     RUA POETA MANOEL BANDEIRA               CABUIS      26540260NILOPOLIS      RJUNIAO UMB DOS CULTOS AFRO BRAS    30051810 000038
10231987175000168916200163100    000014351                    000143510000000000000109                     I0214351     30041800000000040003410000017N090418104700000000000103004180000000000000000000000000000000000000000100009526018770VERONICA MARIA LIMA                     RUA KEMAL PALHA                         VILA SANTO A25040220DUQUE DE CAXIASRJUNIAO UMB DOS CULTOS AFRO BRAS    30041810 000039
10231987175000168916200163100    000014349                    000143490000000000000109                     I0214349     30041800000000040003410000017N090418104700000000000103004180000000000000000000000000000000000000000100001253277737MARIA JOSE DANTAS MOREIRA               RUA SETE DE JUNHO                       PRAIA DE MAU25925732MAGE           RJUNIAO UMB DOS CULTOS AFRO BRAS    30041810 000040
10231987175000168916200163100    000014115                    000141150000000000000109                     I0214115     10041800000000350003410000017N270218104700000000000101004180000000000000000000000000000000000000000100009834155794NELY MARIA RODRIGUES DANTAS             RUA DA CONCEICAO, 70                    VARGEM ALEGR27155000BARRA DO PIRAI RJUNIAO UMB DOS CULTOS AFRO BRAS    10041810 000041
10231987175000168916200163100    00009058                     000090580000000000000109                     I349058      23031800000000040003410000017N230118104700000000000102303180000000000000000000000000000000000000000100002965368736REGINA CONCEICAO                        AVENIDA BOQUEIRAO                       BOA VISTA   28680000CACHOEIRA DE MARJUNIAO UMB DOS CULTOS AFRO BRAS    23031810 000042
10231987175000168916200163100    00009057                     000090570000000000000109                     I349057      28021800000000035003410000017N230118104700000000000102802180000000000000000000000000000000000000000100002331392730ANA MARIA DOS SANTOS VIEIRA             RUA CRUZ DE SOUZA                       CARMARY POSS26022281NOVA IGUACU    RJUNIAO UMB DOS CULTOS AFRO BRAS    28021810 000043
10231987175000168916200163100    00008808                     000088080000000000000109                     I028808      31011800000000035003410000017N020118104700000000000103101180000000000000000000000000000000000000000100065753313787ELVIRA FLAUZINA CELSO                   RUA DA CONCEICAO, 112                   SANTA ROSA /27155000BARRA DO PIRAI RJUNIAO UMB DOS CULTOS AFRO BRAS    31011810 000044
10231987175000168916200163100    00008671                     000086710000000000000109                     I028671      31011800000000035003410000017N020118104700000000000103101180000000000000000000000000000000000000000100002379534713ALEX EVANDRO CORREIA PETITINGA          RUA CARDOSO QUINTAO, 40                 PIEDADE - RJ21381460RIO DE JANEIRO RJUNIAO UMB DOS CULTOS AFRO BRAS    31011810 000045
10231987175000168916200163100    00008644                     000086440000000000000109                     I028644      31011800000000035003410000017N020118104700000000000103101180000000000000000000000000000000000000000100093719744787SERGIO PEREIRA FRAGA                    RUA JURUBAIBA, 163 FUNDOS               HONORIO GURG21555170RIO DE JANEIRO RJUNIAO UMB DOS CULTOS AFRO BRAS    31011810 000046
10231987175000168916200163100    00008429                     000084290000000000000109                     I028429      31011800000000035003410000017N020118104700000000000103101180000000000000000000000000000000000000000100047059770763MARIA MATHIAS DE OLIVEIRA               RUA CAMBUCI N 38                        MUQUECA - BA27140280BARRA DO PIRAI RJUNIAO UMB DOS CULTOS AFRO BRAS    31011810 000047
10231987175000168916200163100    00008420                     000084200000000000000109                     I028420      31011800000000035003410000017N020118104700000000000103101180000000000000000000000000000000000000000100001080847790BENTO FRANCISCO DE LIMA NETO            RUA PITANGAS, 36 A - TIJUQUINHA         BARRA DA TIJ22713330RIO DE JANEIRO RJUNIAO UMB DOS CULTOS AFRO BRAS    31011810 000048
10231987175000168916200163100    00002291                     000022910000000000000109                     I022291      31121700000000035003410000017N131117104700000000000103112170000000000000000000000000000000000000000100049214276749MARIA CELESTE HORACIO REIS              RUA QUARENTA E CINCO LOTE 20 QUADRA 230 CAMPO LINDO 23890000NOVA IGUACU    RJUNIAO UMB DOS CULTOS AFRO BRAS    31121710 000049
10231987175000168916200163100    00002208                     000022080000000000000109                     I022208      31121700000000035003410000017N131117104700000000000103112170000000000000000000000000000000000000000100009431078732LUCIA OLIVEIRA BONIFACIO                RUA NINA RIBEIRO, 67 FUNDOS             PAVUNA - RJ 21520290RIO DE JANEIRO RJUNIAO UMB DOS CULTOS AFRO BRAS    31121710 000050
10231987175000168916200163100    00001777                     000017770000000000000109                     I021777      31121700000000035003410000017N131117104700000000000103112170000000000000000000000000000000000000000100060495901768ANA CRISTINA PAVAO BARONI               RUA TAMANDUATEI, 197                    JARDIM TROPI26012775NOVA IGUACU    RJUNIAO UMB DOS CULTOS AFRO BRAS    31121710 000051
9                                                                                                                                                                                                                                                                                                                                                                                                         000052
