01REMESSA01COBRANCA       817800093673        União Umb dos Cultos Afro Bra341BANCO ITAU SA  190219                                                                                                                                                                                                                                                                                                      000001
10231987175000168817800093673    000033309                    000333090000000000000109                     I0233309     20121800000000350003410000017N291018104700000000000102012180000000000000000000000000000000000000000100063464470768ROBSON DE OLIVEIRA ELIZIARIO            RUA GARCIA REDONDON 81, APTº 502       CACHAMBI    20775170RIO DE JANEIRO RJUNIAO UMB DOS CULTOS AFRO BRAS    20121810 000002
10231987175000168817800093673    000033307                    000333070000000000000109                     I0233307     20121800000000400003410000017N291018104700000000000102012180000000000000000000000000000000000000000100013376872783ELIANE MENDES DA SILVA                  RUA BECO BARREIRAN 68,                  SANTA CRUZ  23555110RIO DE JANEIRO RJUNIAO UMB DOS CULTOS AFRO BRAS    20121810 000003
10231987175000168817800093673    000033305                    000333050000000000000109                     I0233305     20121800000000350003410000017N291018104700000000000102012180000000000000000000000000000000000000000100089308956700COSME NEVES ARRUDA                      RUA SANTA CRISTINAN 98, CASA 5          SANTA TEREZA20241250RIO DE JANEIRO RJUNIAO UMB DOS CULTOS AFRO BRAS    20121810 000004
9                                                                                                                                                                                                                                                                                                                                                                                                         000005
