01REMESSA01COBRANCA       817800093673        União Umb dos Cultos Afro Bra341BANCO ITAU SA  190118                                                                                                                                                                                                                                                                                                      000001
10231987175000168817800093673    00007173                     000071730000000000000109                     I017173      28021800000000035003410000017N271217104700000000000102802180000000000000000000000000000000000000000100038835568749MARIA DE ALCANTARA GOULART SIL          RUA GAMBIA N 41                         JACAREPAGUA 22775400RIO DE JANEIRO RJUNIAO UMB DOS CULTOS AFRO BRAS    28021810 000002
10231987175000168817800093673    00007172                     000071720000000000000109                     I017172      28021800000000035003410000017N271217104700000000000102802180000000000000000000000000000000000000000100014994285705JEFFERSON DOS SANTOS DA SILVA           ESTRADA DO PAU DA FOME N 50             TAQUARA - JA22723497RIO DE JANEIRO RJUNIAO UMB DOS CULTOS AFRO BRAS    28021810 000003
10231987175000168817800093673    00007171                     000071710000000000000109                     I017171      28021800000000035003410000017N271217104700000000000102802180000000000000000000000000000000000000000100035138963791AMILTON PIO                             RUA JOSE DE MELO N 77                   SEPETIBA - R23545165RIO DE JANEIRO RJUNIAO UMB DOS CULTOS AFRO BRAS    28021810 000004
10231987175000168817800093673    00007170                     000071700000000000000109                     I017170      28021800000000035003410000017N271217104700000000000102802180000000000000000000000000000000000000000100011998959708ARTUR TAVARES DA SILVA NETO             RUA PREFEITO JOAO CARLOS VITAL N 17     CROACIA - SE23540080SEPETIBA       RJUNIAO UMB DOS CULTOS AFRO BRAS    28021810 000005
10231987175000168817800093673    00007169                     000071690000000000000109                     I017169      28021800000000035003410000017N271217104700000000000102802180000000000000000000000000000000000000000100008502438743ALINE RAMOS DE SOUZA DA SILVA           RUA DOUTOR ISMAEL CAVALCANTI N 240      SEPETIBA - R23545145RIO DE JANEIRO RJUNIAO UMB DOS CULTOS AFRO BRAS    28021810 000006
10231987175000168817800093673    00007168                     000071680000000000000109                     I017168      28021800000000035003410000017N271217104700000000000102802180000000000000000000000000000000000000000100007103755736ALESSANDRA COSTA DE BARROS              PRACA OSCAR ROSSIM N 84                 SEPETIBA - R23540250RIO DE JANEIRO RJUNIAO UMB DOS CULTOS AFRO BRAS    28021810 000007
10231987175000168817800093673    00007167                     000071670000000000000109                     I017167      28021800000000035003410000017N271217104700000000000102802180000000000000000000000000000000000000000100002134084731MARINALVA LINDOLFO DA SILVA             AVENIDA GOMES FREIRE N 136              VILA SANTO A25040310DUQUE DE CAXIASRJUNIAO UMB DOS CULTOS AFRO BRAS    28021810 000008
10231987175000168817800093673    00007165                     000071650000000000000109                     I017165      28021800000000035003410000017N271217104700000000000102802180000000000000000000000000000000000000000100009946366797SIMONE SOARES NEA                       RUA FLAVIO RANGEL SN QUADRA B LOTE 7    CAMPO GRANDE23085430RIO DE JANEIRO RJUNIAO UMB DOS CULTOS AFRO BRAS    28021810 000009
10231987175000168817800093673    00007164                     000071640000000000000109                     I017164      28021800000000035003410000017N271217104700000000000102802180000000000000000000000000000000000000000100030422175749LENI MENDUIÑA DA SILVA GUERRA          RUA NETUNO N 459 FUNDOS                 PAVUNA - RIO21525690RIO DE JANEIRO RJUNIAO UMB DOS CULTOS AFRO BRAS    28021810 000010
10231987175000168817800093673    00007163                     000071630000000000000109                     I017163      28021800000000035003410000017N271217104700000000000102802180000000000000000000000000000000000000000100001301453781CARLINDA AZEREDO MATOS                  RUA DOUTOR FERNANDO BRIGADAO N 17       RIACHAO - NO26279180NOVA IGUACU    RJUNIAO UMB DOS CULTOS AFRO BRAS    28021810 000011
10231987175000168817800093673    00007162                     000071620000000000000109                     I017162      28021800000000035003410000017N271217104700000000000102802180000000000000000000000000000000000000000100014604780706GILMAR GONCALVES FERREIRA               RUA DOIS BLOCO 2 CASA 27                ROCINHA - RI22451400RIO DE JANEIRO RJUNIAO UMB DOS CULTOS AFRO BRAS    28021810 000012
10231987175000168817800093673    00007161                     000071610000000000000109                     I017161      28021800000000035003410000017N271217104700000000000102802180000000000000000000000000000000000000000100064175499768TEREZA CRISTINA PIRES SILVA RO          RUA GOIAS LOTE 3 QUADRA 4               PLANALTO DO 24859300ITABORAI       RJUNIAO UMB DOS CULTOS AFRO BRAS    28021810 000013
10231987175000168817800093673    00007160                     000071600000000000000109                     I017160      28021800000000035003410000017N271217104700000000000102802180000000000000000000000000000000000000000100065929039704JUPIACU SALLES                          RUA ANDRE ROCHA QUADRA 83 LOTES 16 E 17 CURICICA - R22570000RIO DE JANEIRO RJUNIAO UMB DOS CULTOS AFRO BRAS    28021810 000014
10231987175000168817800093673    00007159                     000071590000000000000109                     I017159      28021800000000035003410000017N271217104700000000000102802180000000000000000000000000000000000000000100002171972726RAQUEL DE SOUZA MENESES                 RUA ROMENRO ZENDER N 271 ENTRADA APT 104RAMOS - RIO 21040080RIO DE JANEIRO RJUNIAO UMB DOS CULTOS AFRO BRAS    28021810 000015
10231987175000168817800093673    00007158                     000071580000000000000109                     I017158      28021800000000035003410000017N271217104700000000000102802180000000000000000000000000000000000000000100015834777724JOAO PAULO SALGUEIRO DA SILVA           RUA MANOEL DO NASCIMENTO N 134          IRAJA  - RIO21361510RIO DE JANEIRO RJUNIAO UMB DOS CULTOS AFRO BRAS    28021810 000016
10231987175000168817800093673    00007157                     000071570000000000000109                     I017157      28021800000000035003410000017N271217104700000000000102802180000000000000000000000000000000000000000100066003110782MARIA CLAUDIA DE LIMA FOLY              RUA JOAQUIM SOARES NETO N 467           NOVA AMERICA26021560NOVA IGUACU    RJUNIAO UMB DOS CULTOS AFRO BRAS    28021810 000017
10231987175000168817800093673    00007156                     000071560000000000000109                     I017156      28021800000000035003410000017N271217104700000000000102802180000000000000000000000000000000000000000100089044380710DENISE SAMPAIO DE MOURA MACIEL          RUA XAXA N 10 - RIO DAS PEDRAS          JACAREPAGUA 22753057RIO DE JANEIRO RJUNIAO UMB DOS CULTOS AFRO BRAS    28021810 000018
10231987175000168817800093673    00007155                     000071550000000000000109                     I017155      28021800000000035003410000017N271217104700000000000102802180000000000000000000000000000000000000000100025875159715SUELI DE OLIVEIRA DIAS                  AVENIDA DAS ALAGOAS N 1.200 - GARDENIA AJACAREPAGUA 22765451RIO DE JANEIRO RJUNIAO UMB DOS CULTOS AFRO BRAS    28021810 000019
10231987175000168817800093673    00007154                     000071540000000000000109                     I017154      28021800000000035003410000017N271217104700000000000102802180000000000000000000000000000000000000000100002638717703EDINO GOMES DE BARROS JUNIOR            RUA PARANA N 10                         MORRO DO ORI24400000SAO GONCALO    RJUNIAO UMB DOS CULTOS AFRO BRAS    28021810 000020
10231987175000168817800093673    00007152                     000071520000000000000109                     I017152      28021800000000035003410000017N271217104700000000000102802180000000000000000000000000000000000000000100000497155770CINTIA MARTIN                           RUA POCONE N 371                        ENCANTADO - 20745090RIO DE JANEIRO RJUNIAO UMB DOS CULTOS AFRO BRAS    28021810 000021
10231987175000168817800093673    00007151                     000071510000000000000109                     I017151      28021800000000035003410000017N271217104700000000000102802180000000000000000000000000000000000000000100043377483772FERNANDO HOLMES BURCHTEIN               RUA ALBANO N 902                        MAUA - MAGE 25926492MAGE           RJUNIAO UMB DOS CULTOS AFRO BRAS    28021810 000022
10231987175000168817800093673    00007150                     000071500000000000000109                     I017150      28021800000000035003410000017N271217104700000000000102802180000000000000000000000000000000000000000100009483806755MARCO ANTONIO ATAIDE DE MELO            TRAVESSA MARAPE N 3 FUNDOS              COSTA BARROS21515240RIO DE JANEIRO RJUNIAO UMB DOS CULTOS AFRO BRAS    28021810 000023
10231987175000168817800093673    00007149                     000071490000000000000109                     I017149      28021800000000035003410000017N271217104700000000000102802180000000000000000000000000000000000000000100013791358774TEREZINHA MENDONCA CORDEIRO             RUA SUEZ N 171                          JARDIM GUAND26298180NOVA IGUACU    RJUNIAO UMB DOS CULTOS AFRO BRAS    28021810 000024
10231987175000168817800093673    00007148                     000071480000000000000109                     I017148      28021800000000035003410000017N271217104700000000000102802180000000000000000000000000000000000000000100095341048768MARILENE CANDIDA                        RUA NOSSA SENHORA DA GUIA N 162         VILA NOVA DO26062192NOVA IGUACU    RJUNIAO UMB DOS CULTOS AFRO BRAS    28021810 000025
10231987175000168817800093673    00007147                     000071470000000000000109                     I017147      28021800000000035003410000017N271217104700000000000102802180000000000000000000000000000000000000000100001797738748PAULO CESAR LONATO SANTOS               ESTRADA GUANDU DO SAPE N 1450 BLOCO 18 ACENTRO - CAM22095072CAMPO GRANDE   RJUNIAO UMB DOS CULTOS AFRO BRAS    28021810 000026
10231987175000168817800093673    00007146                     000071460000000000000109                     I017146      28021800000000035003410000017N271217104700000000000102802180000000000000000000000000000000000000000100014492149759FILIPE FONSECA MARIANO                  RUA DONA JULIA N 16 FUNDOS              SEPETIBA - R23545570RIO DE JANEIRO RJUNIAO UMB DOS CULTOS AFRO BRAS    28021810 000027
10231987175000168817800093673    00007145                     000071450000000000000109                     I017145      28021800000000035003410000017N271217104700000000000102802180000000000000000000000000000000000000000100007214737760LEANDRO FRAGA DE OLIVEIRA               RUA VAZ LOBO N 522 - VAZ LOBO           VAZ LOBO - R21361030RIO DE JANEIRO RJUNIAO UMB DOS CULTOS AFRO BRAS    28021810 000028
10231987175000168817800093673    00007144                     000071440000000000000109                     I017144      28021800000000035003410000017N271217104700000000000102802180000000000000000000000000000000000000000100058101543791JANETE BARBOSA FERREIRA                 O MESMO                                 O MESMO     26127380BELFORD ROXO   RJUNIAO UMB DOS CULTOS AFRO BRAS    28021810 000029
10231987175000168817800093673    00007143                     000071430000000000000109                     I017143      28021800000000035003410000017N271217104700000000000102802180000000000000000000000000000000000000000100007545291778ANDRE LUIZ DA SILVA                     RUA VASCO DA GAMA N 677                 PARQUE ESTOR26063190NOVA IGUACU    RJUNIAO UMB DOS CULTOS AFRO BRAS    28021810 000030
10231987175000168817800093673    00007142                     000071420000000000000109                     I017142      28021800000000035003410000017N271217104700000000000102802180000000000000000000000000000000000000000100003025076712MARIA QUITERIA DOS SANTOS PITA          RUA MISSIONARIO CHRISTIE N 43 B         QUISSAMA - P25615250PETROPOLIS     RJUNIAO UMB DOS CULTOS AFRO BRAS    28021810 000031
10231987175000168817800093673    00007141                     000071410000000000000109                     I017141      28021800000000035003410000017N271217104700000000000102802180000000000000000000000000000000000000000100062988050791REGINA LUCIA DE SOUZA SANTOS T          RUA ENGENHEIRO LAFAYETE STOCKLER N 742  VILA DA PENH21221390RIO DE JANEIRO RJUNIAO UMB DOS CULTOS AFRO BRAS    28021810 000032
10231987175000168817800093673    00007140                     000071400000000000000109                     I017140      28021800000000035003410000017N271217104700000000000102802180000000000000000000000000000000000000000100003550624700ELAINE DE BARROS CARVALHO DE O          RUA DOUTOR ANTONIO MARTINS N 42 CASA 2 ATAQUARA - JA22723650RIO DE JANEIRO RJUNIAO UMB DOS CULTOS AFRO BRAS    28021810 000033
10231987175000168817800093673    00007139                     000071390000000000000109                     I017139      28021800000000035003410000017N271217104700000000000102802180000000000000000000000000000000000000000100005649589720RAPHAEL AGUIAR DA SILVA                 ESTRADA DO BONGARVILLE, 869 CASA 42     ANIL - JACAR22753210RIO DE JANEIRO RJUNIAO UMB DOS CULTOS AFRO BRAS    28021810 000034
10231987175000168817800093673    00007138                     000071380000000000000109                     I017138      28021800000000035003410000017N271217104700000000000102802180000000000000000000000000000000000000000100001857739744JORGE DE MORAES ESTANISLAU              RUA TITANIC N 7 CASA 1 FUNDOS           REALENGO - R21735620RIO DE JANEIRO RJUNIAO UMB DOS CULTOS AFRO BRAS    28021810 000035
10231987175000168817800093673    00007137                     000071370000000000000109                     I017137      28021800000000035003410000017N271217104700000000000102802180000000000000000000000000000000000000000100011130957764MARCUS ULYSSES DE FIGUEIREDO P          RUA SAO JORGE N 764                     CAMPO ALEGRE26292228NOVA IGUACU    RJUNIAO UMB DOS CULTOS AFRO BRAS    28021810 000036
10231987175000168817800093673    00007136                     000071360000000000000109                     I017136      28021800000000035003410000017N271217104700000000000102802180000000000000000000000000000000000000000100010016543752ALEXANDRE TEIXEIRA CAVALCANTE           RUA DOUTOR NUNES N 934                  OLARIA - RIO21021370RIO DE JANEIRO RJUNIAO UMB DOS CULTOS AFRO BRAS    28021810 000037
10231987175000168817800093673    00007135                     000071350000000000000109                     I017135      28021800000000035003410000017N271217104700000000000102802180000000000000000000000000000000000000000100048672068734NOEMIA CONCEICAO DE SOUZA               ESTRADA DO CAMORIM N 926 CASA 7 FRENTE -JACAREPAGUA 22780070RIO DE JANEIRO RJUNIAO UMB DOS CULTOS AFRO BRAS    28021810 000038
10231987175000168817800093673    00007134                     000071340000000000000109                     I347134      28021800000000035003410000017N271217104700000000000102802180000000000000000000000000000000000000000100002846505608DIONE ROSA FERNANDES                    RUA ERNESTINA N 56                      LINS DE VASC20710000RIO DE JANEIRO RJUNIAO UMB DOS CULTOS AFRO BRAS    28021810 000039
10231987175000168817800093673    00007133                     000071330000000000000109                     I017133      28021800000000035003410000017N271217104700000000000102802180000000000000000000000000000000000000000100092673562753ALVARO RICARDO DE OLIVEIRA RIB          RUA MARIA ALICE N 18                    MUTONDO - SA24452140SAO GONCALO    RJUNIAO UMB DOS CULTOS AFRO BRAS    28021810 000040
10231987175000168817800093673    00007132                     000071320000000000000109                     I017132      28021800000000035003410000017N271217104700000000000102802180000000000000000000000000000000000000000100066514118704MARILIA GARCIA DA PAIXAO                RUA FRANCOLIM N 306                     GUADALUPE - 21660130RIO DE JANEIRO RJUNIAO UMB DOS CULTOS AFRO BRAS    28021810 000041
10231987175000168817800093673    00007131                     000071310000000000000109                     I017131      28021800000000035003410000017N271217104700000000000102802180000000000000000000000000000000000000000100011640644792MARLY SERPA BORGES                      RUA VISTA ALEGRE N 12                   SANTA TERESA20251410RIO DE JANEIRO RJUNIAO UMB DOS CULTOS AFRO BRAS    28021810 000042
10231987175000168817800093673    00007130                     000071300000000000000109                     I017130      28021800000000035003410000017N271217104700000000000102802180000000000000000000000000000000000000000100005440511733MONICA LEITE CRUZ                       RUA PARDAL N 130 B                      MAGALI - CAM23081070CAMPO GRANDE   RJUNIAO UMB DOS CULTOS AFRO BRAS    28021810 000043
10231987175000168817800093673    00007129                     000071290000000000000109                     I017129      28021800000000035003410000017N271217104700000000000102802180000000000000000000000000000000000000000100001010828789JUSSARA DA SILVA GONCALVES DAM          RUA TRINTA E TRES LOTE 219              NOVA CIDADE 24850000ITABORAI       RJUNIAO UMB DOS CULTOS AFRO BRAS    28021810 000044
10231987175000168817800093673    00007127                     000071270000000000000109                     I017127      28021800000000035003410000017N271217104700000000000102802180000000000000000000000000000000000000000100007924464700GILCEMAR PEREIRA DE MORAES              RUA JOSE ELEOTERIO N 102                CAMPO LINDO 23898220SEROPEDICA     RJUNIAO UMB DOS CULTOS AFRO BRAS    28021810 000045
10231987175000168817800093673    00007126                     000071260000000000000109                     I017126      28021800000000035003410000017N271217104700000000000102802180000000000000000000000000000000000000000100014199569731LUIS FILIPE SANTOS COSTA                ESTRADA DOUTOR JOAQUIM NICOLAU N 1529 CAPRACA PONTE 02690000MIGUEL PEREIRA RJUNIAO UMB DOS CULTOS AFRO BRAS    28021810 000046
10231987175000168817800093673    00007125                     000071250000000000000109                     I017125      28021800000000035003410000017N271217104700000000000102802180000000000000000000000000000000000000000100000160903774REGINA CELIA DE OLIVEIRA DA SI          RUA VENANCIO ADRES LOTE 23 QUADRA 13    OLAVO BILAC 25035340DUQUE DE CAXIASRJUNIAO UMB DOS CULTOS AFRO BRAS    28021810 000047
10231987175000168817800093673    00007124                     000071240000000000000109                     I017124      28021800000000035003410000017N271217104700000000000102802180000000000000000000000000000000000000000100053470095787OSVALDO VALENTE COELHO FILHO            RUA VISCONDE DE SABOIA N 54 - RUA I N 11CAVALCANTI -21370220RIO DE JANEIRO RJUNIAO UMB DOS CULTOS AFRO BRAS    28021810 000048
10231987175000168817800093673    00007123                     000071230000000000000109                     I017123      28021800000000035003410000017N271217104700000000000102802180000000000000000000000000000000000000000100053211839704ALCIONE SOUZA DOS SANTOS                RUA: MARINO FELIX Nº 26 - SEPETIBA     RIO DE JANEI23535006RIO DE JANEIRO RJUNIAO UMB DOS CULTOS AFRO BRAS    28021810 000049
10231987175000168817800093673    00007122                     000071220000000000000109                     I017122      28021800000000035003410000017N271217104700000000000102802180000000000000000000000000000000000000000100000559929781KLEBER SIQUEIRA CUNHA                   ESTRADA DO PIAI N 300                   GUARATIBA - 23028050RIO DE JANEIRO RJUNIAO UMB DOS CULTOS AFRO BRAS    28021810 000050
10231987175000168817800093673    00007121                     000071210000000000000109                     I017121      28021800000000035003410000017N271217104700000000000102802180000000000000000000000000000000000000000100099586860768MARLECI NAVARRO DE FARIA                AVENIDA TENENTE REBELO N 381 APT 303    IRAJA - RIO 21230075RIO DE JANEIRO RJUNIAO UMB DOS CULTOS AFRO BRAS    28021810 000051
10231987175000168817800093673    00007120                     000071200000000000000109                     I017120      28021800000000035003410000017N271217104700000000000102802180000000000000000000000000000000000000000100088052982715ELIZABETH DA COSTA AMORIM               RUA CISPLATINA N 99                     IRAJA - RIO 21235070RIO DE JANEIRO RJUNIAO UMB DOS CULTOS AFRO BRAS    28021810 000052
10231987175000168817800093673    00007119                     000071190000000000000109                     I017119      28021800000000035003410000017N271217104700000000000102802180000000000000000000000000000000000000000100001653081767DEISE SIQUEIRA                          RUA PARLON SIQUEIRA N 59 CX P 93        BARRA DE GUA23020510RIO DE JANEIRO RJUNIAO UMB DOS CULTOS AFRO BRAS    28021810 000053
10231987175000168817800093673    00007118                     000071180000000000000109                     I027118      28021800000000035003410000017N271217104700000000000102802180000000000000000000000000000000000000000100083493956720SAINT-CLAIR FERREIRA BARBOSA            RUA HONORIO PECANHA N 78                SEPETIBA - R23535127RIO DE JANEIRO RJUNIAO UMB DOS CULTOS AFRO BRAS    28021810 000054
10231987175000168817800093673    00007117                     000071170000000000000109                     I017117      28021800000000035003410000017N271217104700000000000102802180000000000000000000000000000000000000000100067287581787MARIA DA CONCEICAO DE LIMA              RUA ALTO BOA VISTA N 70                 VILAR DOS TE25565410SAO JOAO DE MERRJUNIAO UMB DOS CULTOS AFRO BRAS    28021810 000055
10231987175000168817800093673    00007116                     000071160000000000000109                     I017116      28021800000000035003410000017N271217104700000000000102802180000000000000000000000000000000000000000100002721212745MARILIA CLAUDIA DA SILVA CORRE          RUA DELFIM MOREIRA N 410                VILA TIRADEN25525170SAO JOAO DE MERRJUNIAO UMB DOS CULTOS AFRO BRAS    28021810 000056
10231987175000168817800093673    00007115                     000071150000000000000109                     I017115      28021800000000035003410000017N271217104700000000000102802180000000000000000000000000000000000000000100003013793783GIOVANA SURAMA BRANDAO MONFORT          RUA JOAO TELES LOTE 94 QUADRA 93        CENTRO - MES26550100MESQUITA       RJUNIAO UMB DOS CULTOS AFRO BRAS    28021810 000057
10231987175000168817800093673    00007114                     000071140000000000000109                     I017114      28021800000000035003410000017N271217104700000000000102802180000000000000000000000000000000000000000100009406419769MAURICIO DOS SANTOS SILVA               RUA CASTANHAL, TRAVESSA PROGRESSO I CASAPARQUE GENEC26061650NOVA IGUACU    RJUNIAO UMB DOS CULTOS AFRO BRAS    28021810 000058
10231987175000168817800093673    00007113                     000071130000000000000109                     I017113      28021800000000035003410000017N271217104700000000000102802180000000000000000000000000000000000000000100002812320706COSME PAULO DA COSTA CRAVO              RUA PADRE MANOEL DE NOBREGA N 505       QUINTINO BOC21381000RIO DE JANEIRO RJUNIAO UMB DOS CULTOS AFRO BRAS    28021810 000059
9                                                                                                                                                                                                                                                                                                                                                                                                         000060
