01REMESSA01COBRANCA       817800093673        União Umb dos Cultos Afro Bra341BANCO ITAU SA  160118                                                                                                                                                                                                                                                                                                      000001
10231987175000168817800093673    00009023                     000090230000000000000109                     I019023      31011800000000175003410000017N120118050900000000000103101180000000000000000000000000000000000000000100010276278704ROSELI DE OLIVEIRA DUTRA                RUA UM LOTE 7 QUADRA 8                  TAQUARA - DU25275110DUQUE DE CAXIASRJUNIAO UMB DOS CULTOS AFRO BRAS    31011810 000002
10231987175000168817800093673    00009022                     000090220000000000000109                     I019022      20021800000000175003410000017N120118050900000000000102002180000000000000000000000000000000000000000100002871088489JOSE ADRIANO DA SILVA                   RUA UMEBOSCHE N 430                     JARDIM PARAI26297054NOVA IGUACU    RJUNIAO UMB DOS CULTOS AFRO BRAS    20021810 000003
10231987175000168817800093673    00009021                     000090210000000000000109                     I019021      31011800000000105003410000017N120118050900000000000103101180000000000000000000000000000000000000000100007822585738IZANIRA COSTA                           RUA DOUTOR LUIS SOBRAL, 301             TOMAZINHO - 25525520SAO JOAO DE MERRJUNIAO UMB DOS CULTOS AFRO BRAS    31011810 000004
10231987175000168817800093673    00008392                     000083920000000000000109                     I028392      28021800000000035003410000017N291217050900000000000102802180000000000000000000000000000000000000000100009839983709CAMILA DA SILVA OLIVEIRA                RUA VITORINO DO AMARAL 189              OLARIA RJ   21073300RIO DE JANEIRO RJUNIAO UMB DOS CULTOS AFRO BRAS    28021810 000005
10231987175000168817800093673    00008334                     000083340000000000000109                     I028334      28021800000000035003410000017N291217050900000000000102802180000000000000000000000000000000000000000100002083733738SELMA ESTEVES DE MORAIS                 RUA PROFESSOR LUIZ CATANHEDE, 77        LARANJEIRAS 22245040RIO DE JANEIRO RJUNIAO UMB DOS CULTOS AFRO BRAS    28021810 000006
10231987175000168817800093673    00008305                     000083050000000000000109                     I028305      28021800000000035003410000017N291217050900000000000102802180000000000000000000000000000000000000000100009776414737NEUSA MARIA PINTO DE CARVALHO           RUA ARARIBOIA, 253 APTO 402             SAO FRANCISC24360340NITEROI        RJUNIAO UMB DOS CULTOS AFRO BRAS    28021810 000007
10231987175000168817800093673    00008304                     000083040000000000000109                     I028304      28021800000000035003410000017N291217050900000000000102802180000000000000000000000000000000000000000100075923866749SUELI ARAUJO DE SOUZA                   AVENIDA OLIVEIRA BELO, 458              VILA DA PENH21221300RIO DE JANEIRO RJUNIAO UMB DOS CULTOS AFRO BRAS    28021810 000008
10231987175000168817800093673    00008278                     000082780000000000000109                     I028278      28021800000000035003410000017N291217050900000000000102802180000000000000000000000000000000000000000100001123258740ZALA PEREIRA DE OLIVEIRA                RUA CORDEIROPOLIS, QUADRA 62 LOTE 24    PACIENCIA - 23585510RIO DE JANEIRO RJUNIAO UMB DOS CULTOS AFRO BRAS    28021810 000009
10231987175000168817800093673    00008258                     000082580000000000000109                     I028258      28021800000000035003410000017N291217050900000000000102802180000000000000000000000000000000000000000100009488185732RODRIGO MARTINS DE ANDRADE              RUA SAO CARLOS, 441                     ESTACIO - RJ20250052RIO DE JANEIRO RJUNIAO UMB DOS CULTOS AFRO BRAS    28021810 000010
10231987175000168817800093673    00008233                     000082330000000000000109                     I028233      28021800000000035003410000017N291217050900000000000102802180000000000000000000000000000000000000000100086257277787WLADIMIR DO CARMO PINTO                 RUA ARLETE CELESTINO AYRES VANDERLEY, 33JARDIM SULAC21745650RIO DE JANEIRO RJUNIAO UMB DOS CULTOS AFRO BRAS    28021810 000011
10231987175000168817800093673    00008220                     000082200000000000000109                     I028220      28021800000000035003410000017N291217050900000000000102802180000000000000000000000000000000000000000100071823131700EDNAH PEREIRA DOS SANTOS                TRAVESSA MONTE SERRAT 11                FONSECA - NI24130310NITEROI        RJUNIAO UMB DOS CULTOS AFRO BRAS    28021810 000012
10231987175000168817800093673    00008142                     000081420000000000000109                     I028142      28021800000000035003410000017N291217050900000000000102802180000000000000000000000000000000000000000100001206849770EUGENIO ALBERTO DA SILVA LOPES          RUA COMENDADOR BASTOS, 526 BANANAL      FREGUESIA  -21911220RIO DE JANEIRO RJUNIAO UMB DOS CULTOS AFRO BRAS    28021810 000013
10231987175000168817800093673    00008099                     000080990000000000000109                     I028099      28021800000000035003410000017N291217050900000000000102802180000000000000000000000000000000000000000100009295304705GEORGE ALBERTO GONZAGA DOS SAN          RUA: GUARABU                            INHAUMA     20761060RIO DE JANEIRO RJUNIAO UMB DOS CULTOS AFRO BRAS    28021810 000014
10231987175000168817800093673    00008060                     000080600000000000000109                     I028060      28021800000000035003410000017N291217050900000000000102802180000000000000000000000000000000000000000100011564970787MARIA ELIZA PINHEIRO SERRA              RUA ULEMAS, 30 - SANTA ISABEL           POSSE - NOVA26020790NOVA IGUACU    RJUNIAO UMB DOS CULTOS AFRO BRAS    28021810 000015
10231987175000168817800093673    00007996                     000079960000000000000109                     I027996      28021800000000035003410000017N291217050900000000000102802180000000000000000000000000000000000000000100033907986768HELOISA HELENA RODRIGUES VALEN          RUA PASCOAL SEGRETO N 86                JOA - BARRA 22611150RIO DE JANEIRO RJUNIAO UMB DOS CULTOS AFRO BRAS    28021810 000016
10231987175000168817800093673    00007949                     000079490000000000000109                     I017949      28021800000000035003410000017N291217050900000000000102802180000000000000000000000000000000000000000100095032061700CILEIA DA ROCHA PACHECO                 RUA DA FLORALIA, 14 FUNDOS              SANTA BARBAR24350000RIO DE JANEIRO RJUNIAO UMB DOS CULTOS AFRO BRAS    28021810 000017
10231987175000168817800093673    00007907                     000079070000000000000109                     I027907      28021800000000035003410000017N291217050900000000000102802180000000000000000000000000000000000000000100050965158772NORMA GONCALVES DIAS                    RUA MARQUES DE QUELUZ N 41              IRAJA - RIO 21235120RIO DE JANEIRO RJUNIAO UMB DOS CULTOS AFRO BRAS    28021810 000018
10231987175000168817800093673    00007900                     000079000000000000000109                     I017900      28021800000000035003410000017N291217050900000000000102802180000000000000000000000000000000000000000100043185029704SEBASTIAO DA CONCEICAO FILHO            AVENIDA TENENTE AVIADOR NILTON CAMPOS SOTOMAZINHO - 25525512SAO JOAO DE MERRJUNIAO UMB DOS CULTOS AFRO BRAS    28021810 000019
10231987175000168817800093673    00007315                     000073150000000000000109                     I027315      28021800000000035003410000017N271217050900000000000102802180000000000000000000000000000000000000000100001343022738LUCIANA FIGUEIRO COUTINHO DA S          O MESMO                                 O MESMO     22785600RIO DE JANEIRO RJUNIAO UMB DOS CULTOS AFRO BRAS    28021810 000020
10231987175000168817800093673    00007201                     000072010000000000000109                     I027201      28021800000000035003410000017N271217050900000000000102802180000000000000000000000000000000000000000100076994511715MARIA DAS GRACAS SANTOS DA SIL          RUA  ISLANDIA LT 7 QD 39  SARACURUNA    DUQUE DE CAX25211050DUQUE DE CAXIASRJUNIAO UMB DOS CULTOS AFRO BRAS    28021810 000021
10231987175000168817800093673    00006876                     000068760000000000000109                     I016876      28021800000000035003410000017N271217050900000000000102802180000000000000000000000000000000000000000100007373169775CAROLINA ALVES CARLOS                   RUA: MAPAI                              JARDIM METRO25575180SAO JOAO DE MERRJUNIAO UMB DOS CULTOS AFRO BRAS    28021810 000022
10231987175000168817800093673    00006301                     000063010000000000000109                     I016301      28021800000000035003410000017N271217050900000000000102802180000000000000000000000000000000000000000100072090499753JOSEFINA PAULINA RODRIGUES              RUA JOAQUIM SOARES NETO, 416            NOVA AMERICA26021560NOVA IGUACU    RJUNIAO UMB DOS CULTOS AFRO BRAS    28021810 000023
10231987175000168817800093673    00006276                     000062760000000000000109                     I026276      28021800000000035003410000017N271217050900000000000102802180000000000000000000000000000000000000000100014474105729BIANCA OHANNA MOURA DE CARVALH          RUA AMAZONAS N 71                       PAULICEIA - 25080055DUQUE DE CAXIASRJUNIAO UMB DOS CULTOS AFRO BRAS    28021810 000024
10231987175000168817800093673    00006128                     000061280000000000000109                     I016128      28021800000000035003410000017N271217050900000000000102802180000000000000000000000000000000000000000100060946563772FLORIPEDES MADUREIRA SIQUEIRA           AVENIDA PARAIBA, 210                    DOM BOSCO - 27286000VOLTA REDONDA  RJUNIAO UMB DOS CULTOS AFRO BRAS    28021810 000025
10231987175000168817800093673    00006066                     000060660000000000000109                     I026066      31011800000000035003410000017N261217050900000000000103101180000000000000000000000000000000000000000100001343022738LUCIANA FIGUEIRO COUTINHO DA S          O MESMO                                 O MESMO     22785600RIO DE JANEIRO RJUNIAO UMB DOS CULTOS AFRO BRAS    31011810 000026
10231987175000168817800093673    00005915                     000059150000000000000109                     I015915      31011800000000035003410000017N261217050900000000000103101180000000000000000000000000000000000000000100009946366797SIMONE SOARES NEA                       RUA FLAVIO RANGEL SN QUADRA B LOTE 7    CAMPO GRANDE23085430RIO DE JANEIRO RJUNIAO UMB DOS CULTOS AFRO BRAS    31011810 000027
10231987175000168817800093673    00005914                     000059140000000000000109                     I345914      31011800000000035003410000017N261217050900000000000103101180000000000000000000000000000000000000000100030422175749LENI MENDUIÑA DA SILVA GUERRA          RUA NETUNO N 459 FUNDOS                 PAVUNA - RIO21525690RIO DE JANEIRO RJUNIAO UMB DOS CULTOS AFRO BRAS    31011810 000028
10231987175000168817800093673    00005884                     000058840000000000000109                     I345884      31011800000000035003410000017N261217050900000000000103101180000000000000000000000000000000000000000100002846505608DIONE ROSA FERNANDES                    RUA ERNESTINA N 56                      LINS DE VASC20710000RIO DE JANEIRO RJUNIAO UMB DOS CULTOS AFRO BRAS    31011810 000029
10231987175000168817800093673    00005818                     000058180000000000000109                     I025818      31011800000000035003410000017N261217050900000000000103101180000000000000000000000000000000000000000100060774282720ROSANGELA MOURA VALENTE                 RUA CINQUENTA E QUATRO LOTE 38 QUADRA 20JARDIM ATLAN24934220MARICA         RJUNIAO UMB DOS CULTOS AFRO BRAS    31011810 000030
10231987175000168817800093673    00005732                     000057320000000000000109                     I025732      31011800000000035003410000017N261217050900000000000103101180000000000000000000000000000000000000000100002139428790SIMONE GONCALVES GOMES                  RUA ROBERTO BATISTA,  LOTE 2 QUADRA 19  SANTA MARTA 26173300BELFORD ROXO   RJUNIAO UMB DOS CULTOS AFRO BRAS    31011810 000031
10231987175000168817800093673    00005638                     000056380000000000000109                     I025638      31011800000000035003410000017N261217050900000000000103101180000000000000000000000000000000000000000100009658353754ROSINEI MARIA DOS SANTOS PEIXO          RUA FLORESTA, 1145 CASA A 3             SEPETIBA - R23540430RIO DE JANEIRO RJUNIAO UMB DOS CULTOS AFRO BRAS    31011810 000032
10231987175000168817800093673    00005633                     000056330000000000000109                     I025633      31011800000000035003410000017N261217050900000000000103101180000000000000000000000000000000000000000100002912143713JANAINA PACHECO PINHEIRO                RUA FILGUEIRAS LIMA, 69 BLOCO 2 APTO 101RIACHUELO - 20950050RIO DE JANEIRO RJUNIAO UMB DOS CULTOS AFRO BRAS    31011810 000033
10231987175000168817800093673    00005626                     000056260000000000000109                     I015626      31011800000000035003410000017N261217050900000000000103101180000000000000000000000000000000000000000100007373169775CAROLINA ALVES CARLOS                   RUA: MAPAI                              JARDIM METRO25575180SAO JOAO DE MERRJUNIAO UMB DOS CULTOS AFRO BRAS    31011810 000034
10231987175000168817800093673    00005610                     000056100000000000000109                     I025610      31011800000000035003410000017N261217050900000000000103101180000000000000000000000000000000000000000100097314919704CLAUDIA ESTRELA RODRIGUES SERA          RUA NORTE, 298                          ROSA DOS VEN26276620NOVA IGUACU    RJUNIAO UMB DOS CULTOS AFRO BRAS    31011810 000035
10231987175000168817800093673    00005537                     000055370000000000000109                     I025537      31011800000000035003410000017N261217050900000000000103101180000000000000000000000000000000000000000100001248895738JUSSARA SILVEIRA LOPES DA FONS          RUA SAQUAREMA, 1433                     SANTO ALEIXO25914000MAGE           RJUNIAO UMB DOS CULTOS AFRO BRAS    31011810 000036
10231987175000168817800093673    00005524                     000055240000000000000109                     I025524      31011800000000035003410000017N261217050900000000000103101180000000000000000000000000000000000000000100008208769762BRUNO LEONARDO DOMINGUES DA SI          O MESMO                                 O MESMO     25635401PETROPOLIS     RJUNIAO UMB DOS CULTOS AFRO BRAS    31011810 000037
10231987175000168817800093673    00005477                     000054770000000000000109                     I025477      31011800000000035003410000017N261217050900000000000103101180000000000000000000000000000000000000000100003561463754NORMA CRISTINA JUSTO PRUDENTE           O MESMO                                 O MESMO     21635040RIO DE JANEIRO RJUNIAO UMB DOS CULTOS AFRO BRAS    31011810 000038
10231987175000168817800093673    00005410                     000054100000000000000109                     I025410      31011800000000035003410000017N261217050900000000000103101180000000000000000000000000000000000000000100065936957772ANTONIO CLAUDIO PEREIRA                 RUA RESTINGA, QUADRA 58 LOTE 6          MENDANHA - C23097650RIO DE JANEIRO RJUNIAO UMB DOS CULTOS AFRO BRAS    31011810 000039
10231987175000168817800093673    00005409                     000054090000000000000109                     I025409      31011800000000035003410000017N261217050900000000000103101180000000000000000000000000000000000000000100004245613793MARIA ELENA DA SILVA SANTOS             AVENIDA ENGENHEIRO SOUSA FILHO, 1176 CASITANHANGA - 22753053RIO DE JANEIRO RJUNIAO UMB DOS CULTOS AFRO BRAS    31011810 000040
10231987175000168817800093673    00005348                     000053480000000000000109                     I025348      31011800000000035003410000017N261217050900000000000103101180000000000000000000000000000000000000000100011080748717ALVARO CHIANELLI DE AZEREDO             RUA ANDRE AZEVEDO, 87                   OLARIA - RJ 21021480RIO DE JANEIRO RJUNIAO UMB DOS CULTOS AFRO BRAS    31011810 000041
10231987175000168817800093673    00005332                     000053320000000000000109                     I025332      31011800000000035003410000017N261217050900000000000103101180000000000000000000000000000000000000000100091228239720MIRIAN DA SILVA PEREIRA                 RUA  NORDESTE  40   JARDIM PARAISO 2    NOVA IGUACU 26000000RIO DE JANEIRO RJUNIAO UMB DOS CULTOS AFRO BRAS    31011810 000042
10231987175000168817800093673    00005272                     000052720000000000000109                     I025272      31011800000000035003410000017N261217050900000000000103101180000000000000000000000000000000000000000100013540201756RUTE MEDEIROS VIEIRA                    RUA DESSESEIS N 527                     CONJUNTO NOV23565450SANTA CRUZ     RJUNIAO UMB DOS CULTOS AFRO BRAS    31011810 000043
10231987175000168817800093673    00005232                     000052320000000000000109                     I025232      31011800000000035003410000017N261217050900000000000103101180000000000000000000000000000000000000000100093635540749REGINALDO ALVES DA SILVA                RUA FLAVIO CAVALCANTE, 268              CACHAMBU - P25615060PETROPOLIS     RJUNIAO UMB DOS CULTOS AFRO BRAS    31011810 000044
10231987175000168817800093673    00005172                     000051720000000000000109                     I025172      31011800000000035003410000017N261217050900000000000103101180000000000000000000000000000000000000000100005415694730ALEX SANDRO DA SILVA BANDEIRA           RUA PAULO ROBERTO, 6                    PRAIA DE MAU25900000MAGE           RJUNIAO UMB DOS CULTOS AFRO BRAS    31011810 000045
10231987175000168817800093673    00005141                     000051410000000000000109                     I025141      31011800000000035003410000017N261217050900000000000103101180000000000000000000000000000000000000000100088469212753NEIDE CARVALHO D ANGELO                 RUA GENERAL TRAUMATURGO, LOTE 17 QUADRA VILA ROSARIO25040010DUQUE DE CAXIASRJUNIAO UMB DOS CULTOS AFRO BRAS    31011810 000046
10231987175000168817800093673    00005051                     000050510000000000000109                     I015051      31011800000000035003410000017N261217050900000000000103101180000000000000000000000000000000000000000100072090499753JOSEFINA PAULINA RODRIGUES              RUA JOAQUIM SOARES NETO, 416            NOVA AMERICA26021560NOVA IGUACU    RJUNIAO UMB DOS CULTOS AFRO BRAS    31011810 000047
10231987175000168817800093673    00005026                     000050260000000000000109                     I025026      31011800000000035003410000017N261217050900000000000103101180000000000000000000000000000000000000000100014474105729BIANCA OHANNA MOURA DE CARVALH          RUA AMAZONAS N 71                       PAULICEIA - 25080055DUQUE DE CAXIASRJUNIAO UMB DOS CULTOS AFRO BRAS    31011810 000048
10231987175000168817800093673    00004931                     000049310000000000000109                     I024931      31011800000000035003410000017N261217050900000000000103101180000000000000000000000000000000000000000100084244224734JORGE MARCELO TINTEL                    O MESMO                                 O MESMO     23530220RIO DE JANEIRO RJUNIAO UMB DOS CULTOS AFRO BRAS    31011810 000049
10231987175000168817800093673    00004878                     000048780000000000000109                     I014878      31011800000000035003410000017N261217050900000000000103101180000000000000000000000000000000000000000100060946563772FLORIPEDES MADUREIRA SIQUEIRA           AVENIDA PARAIBA, 210                    DOM BOSCO - 27286000VOLTA REDONDA  RJUNIAO UMB DOS CULTOS AFRO BRAS    31011810 000050
10231987175000168817800093673    00001561                     000015610000000000000109                     I021561      20121700000000340003410000017N251017050900000000000102012170000000000000000000000000000000000000000100050965158772NORMA GONCALVES DIAS                    RUA MARQUES DE QUELUZ N 41              IRAJA - RIO 21235120RIO DE JANEIRO RJUNIAO UMB DOS CULTOS AFRO BRAS    20121710 000051
10231987175000168817800093673    00001410                     000014100000000000000109                     I021410      20121700000000400003410000017N241017050900000000000102012170000000000000000000000000000000000000000100076994511715MARIA DAS GRACAS SANTOS DA SIL          RUA  ISLANDIA LT 7 QD 39  SARACURUNA    DUQUE DE CAX25211050DUQUE DE CAXIASRJUNIAO UMB DOS CULTOS AFRO BRAS    20121710 000052
10231987175000168817800093673    00001402                     000014020000000000000109                     I021402      20121700000000400003410000017N241017050900000000000102012170000000000000000000000000000000000000000100091228239720MIRIAN DA SILVA PEREIRA                 RUA  NORDESTE  40   JARDIM PARAISO 2    NOVA IGUACU 26000000RIO DE JANEIRO RJUNIAO UMB DOS CULTOS AFRO BRAS    20121710 000053
10231987175000168817800093673    00001344                     000013440000000000000109                     I021344      20121700000000340003410000017N241017050900000000000102012170000000000000000000000000000000000000000100011564970787MARIA ELIZA PINHEIRO SERRA              RUA ULEMAS, 30 - SANTA ISABEL           POSSE - NOVA26020790NOVA IGUACU    RJUNIAO UMB DOS CULTOS AFRO BRAS    20121710 000054
10231987175000168817800093673    00001179                     000011790000000000000109                     I341179      17011800000000340003410000017N241017050900000000000101701180000000000000000000000000000000000000000100033907986768HELOISA HELENA RODRIGUES VALEN          RUA PASCOAL SEGRETO N 86                JOA - BARRA 22611150RIO DE JANEIRO RJUNIAO UMB DOS CULTOS AFRO BRAS    17011810 000055
10231987175000168817800093673    0000902                      000009020000000000000109                     I02902       20121700000000340003410000017N171017050900000000000102012170000000000000000000000000000000000000000100009776414737NEUSA MARIA PINTO DE CARVALHO           RUA ARARIBOIA, 253 APTO 402             SAO FRANCISC24360340NITEROI        RJUNIAO UMB DOS CULTOS AFRO BRAS    20121710 000056
10231987175000168817800093673    0000900                      000009000000000000000109                     I02900       05011800000000300003410000017N171017050900000000000100501180000000000000000000000000000000000000000100075923866749SUELI ARAUJO DE SOUZA                   AVENIDA OLIVEIRA BELO, 458              VILA DA PENH21221300RIO DE JANEIRO RJUNIAO UMB DOS CULTOS AFRO BRAS    05011810 000057
10231987175000168817800093673    0000895                      000008950000000000000109                     I02895       20121700000000400003410000017N171017050900000000000102012170000000000000000000000000000000000000000100003561463754NORMA CRISTINA JUSTO PRUDENTE           O MESMO                                 O MESMO     21635040RIO DE JANEIRO RJUNIAO UMB DOS CULTOS AFRO BRAS    20121710 000058
10231987175000168817800093673    0000846                      000008460000000000000109                     I02846       20121700000000340003410000017N171017050900000000000102012170000000000000000000000000000000000000000100001206849770EUGENIO ALBERTO DA SILVA LOPES          RUA COMENDADOR BASTOS, 526 BANANAL      FREGUESIA  -21911220RIO DE JANEIRO RJUNIAO UMB DOS CULTOS AFRO BRAS    20121710 000059
10231987175000168817800093673    0000792                      000007920000000000000109                     I34792       20121700000000340003410000017N171017050900000000000102012170000000000000000000000000000000000000000100033712417772IRANIR RIBEIRO DE CASTRO                RUA DO RIACHUELO, 333 COBERTURA 6       CENTRO - RIO20230011RIO DE JANEIRO RJUNIAO UMB DOS CULTOS AFRO BRAS    20121710 000060
10231987175000168817800093673    0000548                      000005480000000000000109                     I02548       20121700000000340003410000017N101017050900000000000102012170000000000000000000000000000000000000000100002083733738SELMA ESTEVES DE MORAIS                 RUA PROFESSOR LUIZ CATANHEDE, 77        LARANJEIRAS 22245040RIO DE JANEIRO RJUNIAO UMB DOS CULTOS AFRO BRAS    20121710 000061
10231987175000168817800093673    0000448                      000004480000000000000109                     I02448       20121700000000340003410000017N101017050900000000000102012170000000000000000000000000000000000000000100001123258740ZALA PEREIRA DE OLIVEIRA                RUA CORDEIROPOLIS, QUADRA 62 LOTE 24    PACIENCIA - 23585510RIO DE JANEIRO RJUNIAO UMB DOS CULTOS AFRO BRAS    20121710 000062
10231987175000168817800093673    0000333                      000003330000000000000109                     I02333       20121700000000340003410000017N101017050900000000000102012170000000000000000000000000000000000000000100086257277787WLADIMIR DO CARMO PINTO                 RUA ARLETE CELESTINO AYRES VANDERLEY, 33JARDIM SULAC21745650RIO DE JANEIRO RJUNIAO UMB DOS CULTOS AFRO BRAS    20121710 000063
10231987175000168817800093673    0000301                      000003010000000000000109                     I02301       20121700000000340003410000017N101017050900000000000102012170000000000000000000000000000000000000000100071823131700EDNAH PEREIRA DOS SANTOS                TRAVESSA MONTE SERRAT 11                FONSECA - NI24130310NITEROI        RJUNIAO UMB DOS CULTOS AFRO BRAS    20121710 000064
10231987175000168817800093673    0000149                      000001490000000000000109                     I02149       20121700000000400003410000017N101017050900000000000102012170000000000000000000000000000000000000000100009295304705GEORGE ALBERTO GONZAGA DOS SAN          RUA: GUARABU                            INHAUMA     20761060RIO DE JANEIRO RJUNIAO UMB DOS CULTOS AFRO BRAS    20121710 000065
10231987175000168817800093673    0000135                      000001350000000000000109                     I01135       20121700000000340003410000017N101017050900000000000102012170000000000000000000000000000000000000000100058844058715GABRIEL FERNANDES                       RUA ALVARO DE MORAIS, 186 - QUARTEIRAO IBINGEN - PET25660260BINGEN - PETROPRJUNIAO UMB DOS CULTOS AFRO BRAS    20121710 000066
10231987175000168817800093673    0000102                      000001020000000000000109                     I01102       20121700000000340003410000017N101017050900000000000102012170000000000000000000000000000000000000000100043185029704SEBASTIAO DA CONCEICAO FILHO            AVENIDA TENENTE AVIADOR NILTON CAMPOS SOTOMAZINHO - 25525512SAO JOAO DE MERRJUNIAO UMB DOS CULTOS AFRO BRAS    20121710 000067
9                                                                                                                                                                                                                                                                                                                                                                                                         000068
