01REMESSA01COBRANCA       916200163100        União Umb dos Cultos Afro Bra341BANCO ITAU SA  230518                                                                                                                                                                                                                                                                                                      000001
10231987175000168916200163100    000021063                    000210630000000000000109                     I0121063     30051800000000035003410000017N230518104700000000000103005180000000000000000000000000000000000000000100015827814784THAYNAN ERNANDES DA SILVA PINH          RUA EXPEDICIONARIO AMERICO FERNANDES N 2RIO DO OURO 24752300SAO GONCALO    RJUNIAO UMB DOS CULTOS AFRO BRAS    30051810 000002
10231987175000168916200163100    000021062                    000210620000000000000109                     I0121062     30081800000000035003410000017N230518104700000000000103008180000000000000000000000000000000000000000100046840117715TERESA CRISTINA DE MELLO SOARE          RUA CANUTAMA                            OSWALDO CRUZ21340440RIO DE JANEIRO RJUNIAO UMB DOS CULTOS AFRO BRAS    30081810 000003
10231987175000168916200163100    000021061                    000210610000000000000109                     I0121061     30071800000000035003410000017N230518104700000000000103007180000000000000000000000000000000000000000100046840117715TERESA CRISTINA DE MELLO SOARE          RUA CANUTAMA                            OSWALDO CRUZ21340440RIO DE JANEIRO RJUNIAO UMB DOS CULTOS AFRO BRAS    30071810 000004
10231987175000168916200163100    000021060                    000210600000000000000109                     I0121060     30061800000000035003410000017N230518104700000000000103006180000000000000000000000000000000000000000100046840117715TERESA CRISTINA DE MELLO SOARE          RUA CANUTAMA                            OSWALDO CRUZ21340440RIO DE JANEIRO RJUNIAO UMB DOS CULTOS AFRO BRAS    30061810 000005
10231987175000168916200163100    000021059                    000210590000000000000109                     I0121059     30071800000000035003410000017N230518104700000000000103007180000000000000000000000000000000000000000100004701154750VIVIANE FELIX GOMES                     RUA GANDARELA Nº 158                   BOM PASTOR -26195460BELFORD ROXO   RJUNIAO UMB DOS CULTOS AFRO BRAS    30071810 000006
10231987175000168916200163100    000021058                    000210580000000000000109                     I0121058     10061800000000665003410000017N230518104700000000000101006180000000000000000000000000000000000000000100014324870780ANDREY SANTOS ESTEVES                   RUA GENERAL SEZEFREDO, 7 - REALENGO     REALENGO/RJ 21715060RIO DE JANEIRO RJUNIAO UMB DOS CULTOS AFRO BRAS    10061810 000007
10231987175000168916200163100    000021057                    000210570000000000000109                     I0221057     10061800000000035003410000017N230518104700000000000101006180000000000000000000000000000000000000000100014324870780ANDREY SANTOS ESTEVES                   RUA GENERAL SEZEFREDO, 7 - REALENGO     REALENGO/RJ 21715060RIO DE JANEIRO RJUNIAO UMB DOS CULTOS AFRO BRAS    10061810 000008
10231987175000168916200163100    000021056                    000210560000000000000109                     I0121056     30051800000000035003410000017N220518104700000000000103005180000000000000000000000000000000000000000100089080475734MARCIA MARIA CORREIA DA SILVA           RUA ALVARES CABRAL, 520                 CACHAMBI - R20780320RIO DE JANEIRO RJUNIAO UMB DOS CULTOS AFRO BRAS    30051810 000009
10231987175000168916200163100    000021055                    000210550000000000000109                     I0121055     30051800000000035003410000017N220518104700000000000103005180000000000000000000000000000000000000000100003248678755CRISTIANO DA SILVA CORREIA              TRAVESSA DAS TORRES N 99                NAZARENO - P26115733BELFORD ROXO   RJUNIAO UMB DOS CULTOS AFRO BRAS    30051810 000010
10231987175000168916200163100    000021054                    000210540000000000000109                     I0121054     30051800000000035003410000017N220518104700000000000103005180000000000000000000000000000000000000000100005361904708VANESSA SANTIAGO DE AZEVEDO BA          AVENIDA TEIXEIRA DE CASTRO N 277 BLOCO 5RAMOS - RJ  21040113RIO DE JANEIRO RJUNIAO UMB DOS CULTOS AFRO BRAS    30051810 000011
10231987175000168916200163100    000021053                    000210530000000000000109                     I0121053     29051800000000070003410000017N220518104700000000000102905180000000000000000000000000000000000000000100096933836720CELIA GOMES DE OLIVEIRA FALCAO          RUA CONDOMINIO 1 DE MAIO, 227 B         MADAME MACHA23740020PETROPOLIS     RJUNIAO UMB DOS CULTOS AFRO BRAS    29051810 000012
10231987175000168916200163100    000021051                    000210510000000000000109                     I0121051     30081800000000040003410000017N220518104700000000000103008180000000000000000000000000000000000000000100095760024787LUCIMARA DIAS DE OLIVEIRA               RUA SANTO ELIAS                         TURIACU     21540390RIO DE JANEIRO RJUNIAO UMB DOS CULTOS AFRO BRAS    30081810 000013
10231987175000168916200163100    000021050                    000210500000000000000109                     I0121050     30071800000000040003410000017N220518104700000000000103007180000000000000000000000000000000000000000100095760024787LUCIMARA DIAS DE OLIVEIRA               RUA SANTO ELIAS                         TURIACU     21540390RIO DE JANEIRO RJUNIAO UMB DOS CULTOS AFRO BRAS    30071810 000014
10231987175000168916200163100    000021049                    000210490000000000000109                     I0121049     30061800000000040003410000017N220518104700000000000103006180000000000000000000000000000000000000000100095760024787LUCIMARA DIAS DE OLIVEIRA               RUA SANTO ELIAS                         TURIACU     21540390RIO DE JANEIRO RJUNIAO UMB DOS CULTOS AFRO BRAS    30061810 000015
10231987175000168916200163100    000021048                    000210480000000000000109                     I0121048     30081800000000035003410000017N220518104700000000000103008180000000000000000000000000000000000000000100002730493727ALBERTO ALEXANDRE DOS SANTOS M          RUA ECA DE QUEIROZ, QUADRA 60 LOTE 2    PANTANAL - D25040350DUQUE DE CAXIASRJUNIAO UMB DOS CULTOS AFRO BRAS    30081810 000016
10231987175000168916200163100    000021047                    000210470000000000000109                     I0121047     30071800000000035003410000017N220518104700000000000103007180000000000000000000000000000000000000000100002730493727ALBERTO ALEXANDRE DOS SANTOS M          RUA ECA DE QUEIROZ, QUADRA 60 LOTE 2    PANTANAL - D25040350DUQUE DE CAXIASRJUNIAO UMB DOS CULTOS AFRO BRAS    30071810 000017
10231987175000168916200163100    000021046                    000210460000000000000109                     I0121046     30061800000000035003410000017N220518104700000000000103006180000000000000000000000000000000000000000100002730493727ALBERTO ALEXANDRE DOS SANTOS M          RUA ECA DE QUEIROZ, QUADRA 60 LOTE 2    PANTANAL - D25040350DUQUE DE CAXIASRJUNIAO UMB DOS CULTOS AFRO BRAS    30061810 000018
10231987175000168916200163100    000021042                    000210420000000000000109                     I0121042     30051800000000140003410000017N220518104700000000000103005180000000000000000000000000000000000000000100010016543752ALEXANDRE TEIXEIRA CAVALCANTE           RUA DOUTOR NUNES N 934                  OLARIA - RIO21021370RIO DE JANEIRO RJUNIAO UMB DOS CULTOS AFRO BRAS    30051810 000019
10231987175000168916200163100    000021041                    000210410000000000000109                     I0121041     30081800000000035003410000017N220518104700000000000103008180000000000000000000000000000000000000000100027503607734FRANCISCA DA ROCHA TORRES               RUA FERNANDES BASTOS                    IRAJA       21361550RIO DE JANEIRO RJUNIAO UMB DOS CULTOS AFRO BRAS    30081810 000020
10231987175000168916200163100    000021040                    000210400000000000000109                     I0121040     30071800000000035003410000017N220518104700000000000103007180000000000000000000000000000000000000000100027503607734FRANCISCA DA ROCHA TORRES               RUA FERNANDES BASTOS                    IRAJA       21361550RIO DE JANEIRO RJUNIAO UMB DOS CULTOS AFRO BRAS    30071810 000021
10231987175000168916200163100    000021039                    000210390000000000000109                     I0121039     30061800000000035003410000017N220518104700000000000103006180000000000000000000000000000000000000000100027503607734FRANCISCA DA ROCHA TORRES               RUA FERNANDES BASTOS                    IRAJA       21361550RIO DE JANEIRO RJUNIAO UMB DOS CULTOS AFRO BRAS    30061810 000022
10231987175000168916200163100    000020800                    000208000000000000000109                     I0220800     30081800000000040003410000017N070518104700000000000103008180000000000000000000000000000000000000000100009005281766ANDREA JOSE DO NASCIMENTO               RUA JUIZ DE FORA SN QUADRA 69           PARQUE SUECI25041025DUQUE DE CAXIASRJUNIAO UMB DOS CULTOS AFRO BRAS    30081810 000023
10231987175000168916200163100    000020483                    000204830000000000000109                     I3420483     30081800000000035003410000017N070518104700000000000103008180000000000000000000000000000000000000000100003248678755CRISTIANO DA SILVA CORREIA              TRAVESSA DAS TORRES N 99                NAZARENO - P26115733BELFORD ROXO   RJUNIAO UMB DOS CULTOS AFRO BRAS    30081810 000024
10231987175000168916200163100    000020173                    000201730000000000000109                     I0220173     30081800000000035003410000017N070518104700000000000103008180000000000000000000000000000000000000000200000000011636CARLOS DE CARVALHO                      RUA MARINALVA SILVA, 9                  MALHAPAO - B26187660BELFORD ROXO   RJUNIAO UMB DOS CULTOS AFRO BRAS    30081810 000025
10231987175000168916200163100    000019588                    000195880000000000000109                     I0219588     30081800000000035003410000017N070518104700000000000103008180000000000000000000000000000000000000000100005363118700VALDECI LIMA DA COSTA                   O MESMO                                 O MESMO     21210420RIO DE JANEIRO RJUNIAO UMB DOS CULTOS AFRO BRAS    30081810 000026
10231987175000168916200163100    000019230                    000192300000000000000109                     I0219230     30071800000000040003410000017N070518104700000000000103007180000000000000000000000000000000000000000100009005281766ANDREA JOSE DO NASCIMENTO               RUA JUIZ DE FORA SN QUADRA 69           PARQUE SUECI25041025DUQUE DE CAXIASRJUNIAO UMB DOS CULTOS AFRO BRAS    30071810 000027
10231987175000168916200163100    000018913                    000189130000000000000109                     I3418913     30071800000000035003410000017N070518104700000000000103007180000000000000000000000000000000000000000100003248678755CRISTIANO DA SILVA CORREIA              TRAVESSA DAS TORRES N 99                NAZARENO - P26115733BELFORD ROXO   RJUNIAO UMB DOS CULTOS AFRO BRAS    30071810 000028
10231987175000168916200163100    000018603                    000186030000000000000109                     I0218603     30071800000000035003410000017N070518104700000000000103007180000000000000000000000000000000000000000200000000011636CARLOS DE CARVALHO                      RUA MARINALVA SILVA, 9                  MALHAPAO - B26187660BELFORD ROXO   RJUNIAO UMB DOS CULTOS AFRO BRAS    30071810 000029
10231987175000168916200163100    000018018                    000180180000000000000109                     I0218018     30071800000000035003410000017N070518104700000000000103007180000000000000000000000000000000000000000100005363118700VALDECI LIMA DA COSTA                   O MESMO                                 O MESMO     21210420RIO DE JANEIRO RJUNIAO UMB DOS CULTOS AFRO BRAS    30071810 000030
10231987175000168916200163100    000016040                    000160400000000000000109                     I0216040     30061800000000040003410000017N070518104700000000000103006180000000000000000000000000000000000000000100009005281766ANDREA JOSE DO NASCIMENTO               RUA JUIZ DE FORA SN QUADRA 69           PARQUE SUECI25041025DUQUE DE CAXIASRJUNIAO UMB DOS CULTOS AFRO BRAS    30061810 000031
10231987175000168916200163100    000015723                    000157230000000000000109                     I3415723     30061800000000035003410000017N070518104700000000000103006180000000000000000000000000000000000000000100003248678755CRISTIANO DA SILVA CORREIA              TRAVESSA DAS TORRES N 99                NAZARENO - P26115733BELFORD ROXO   RJUNIAO UMB DOS CULTOS AFRO BRAS    30061810 000032
10231987175000168916200163100    000015413                    000154130000000000000109                     I0215413     30061800000000035003410000017N070518104700000000000103006180000000000000000000000000000000000000000200000000011636CARLOS DE CARVALHO                      RUA MARINALVA SILVA, 9                  MALHAPAO - B26187660BELFORD ROXO   RJUNIAO UMB DOS CULTOS AFRO BRAS    30061810 000033
10231987175000168916200163100    000014829                    000148290000000000000109                     I0214829     30061800000000035003410000017N070518104700000000000103006180000000000000000000000000000000000000000100005363118700VALDECI LIMA DA COSTA                   O MESMO                                 O MESMO     21210420RIO DE JANEIRO RJUNIAO UMB DOS CULTOS AFRO BRAS    30061810 000034
10231987175000168916200163100    000014710                    000147100000000000000109                     I3414710     30061800000000035003410000017N070518104700000000000103006180000000000000000000000000000000000000000100001799273709ANSELMO FERREIRA DEGENAR                RUA CARLOS LACERDA LOTE 11 QUADRA 16    JARDIM DA PO00000000RIO DE JANEIRO RJUNIAO UMB DOS CULTOS AFRO BRAS    30061810 000035
10231987175000168916200163100    00008747                     000087470000000000000109                     I348747      31011800000000035003410000017N020118104700000000000103101180000000000000000000000000000000000000000100002626885738MARIA LUISA DIAS CRUZ                   RUA DIONISIO FERNANDES N 297 BLOCO 2 APTENGENHO DE D20730400RIO DE JANEIRO RJUNIAO UMB DOS CULTOS AFRO BRAS    31011810 000036
10231987175000168916200163100    00008743                     000087430000000000000109                     I348743      16031800000000035003410000017N020118104700000000000101603180000000000000000000000000000000000000000100003436203750ANDRE HENRIQUE FELICIO DE AZEV          ESTRADA: VELHA DO PIAI Nº 328 B        SEPETIBA - R23530800RIO DE JANEIRO RJUNIAO UMB DOS CULTOS AFRO BRAS    16031810 000037
10231987175000168916200163100    00002870                     000028700000000000000109                     I022870      31121700000000035003410000017N131117104700000000000103112170000000000000000000000000000000000000000100002730493727ALBERTO ALEXANDRE DOS SANTOS M          RUA ECA DE QUEIROZ, QUADRA 60 LOTE 2    PANTANAL - D25040350DUQUE DE CAXIASRJUNIAO UMB DOS CULTOS AFRO BRAS    31121710 000038
10231987175000168916200163100    00002843                     000028430000000000000109                     I022843      31121700000000035003410000017N131117104700000000000103112170000000000000000000000000000000000000000100009556812784AROLDO ADRIANO DE OLIVEIRA              RUA IBITU, 127 FUNDOS                   REALENGO - R21765510RIO DE JANEIRO RJUNIAO UMB DOS CULTOS AFRO BRAS    31121710 000039
10231987175000168916200163100    00002264                     000022640000000000000109                     I022264      31121700000000035003410000017N131117104700000000000103112170000000000000000000000000000000000000000100037125893791ELIANA DOS SANTOS VITAL                 RUA CAPITAO VIEIRA Nº 96               TURIACU - RI21540330RIO DE JANEIRO RJUNIAO UMB DOS CULTOS AFRO BRAS    31121710 000040
10231987175000168916200163100    00002070                     000020700000000000000109                     I022070      31121700000000035003410000017N131117104700000000000103112170000000000000000000000000000000000000000100005363118700VALDECI LIMA DA COSTA                   O MESMO                                 O MESMO     21210420RIO DE JANEIRO RJUNIAO UMB DOS CULTOS AFRO BRAS    31121710 000041
9                                                                                                                                                                                                                                                                                                                                                                                                         000042
