01REMESSA01COBRANCA       916200163100        União Umb dos Cultos Afro Bra341BANCO ITAU SA  190218                                                                                                                                                                                                                                                                                                      000001
10231987175000168916200163100    00009106                     000091060000000000000109                     I019106      28021800000000455003410000017N190218104700000000000102802180000000000000000000000000000000000000000100047585978715HARILDO FRANCISCO DOS SANTOS            RUA:JOSE PINTO DE MACEDO-TRAV.TODOS OS PARRAIAL DO C28930000ARRAIAL DO CABORJUNIAO UMB DOS CULTOS AFRO BRAS    28021810 000002
10231987175000168916200163100    00009105                     000091050000000000000109                     I019105      12031800000000300003410000017N190218104700000000000101203180000000000000000000000000000000000000000100067859372720MARLI MOREIRA ROSA CERQUEIRA            RUA DO POVO 11                          SANTO AGOSTI27214300VOLTA REDONDA  RJUNIAO UMB DOS CULTOS AFRO BRAS    12031810 000003
10231987175000168916200163100    00009104                     000091040000000000000109                     I019104      16041800000000105003410000017N190218104700000000000101604180000000000000000000000000000000000000000100008016237746RAFAEL GRACA PEREIRA                    ESTRADA DA COVANCA, 360 CASA            TANQUE - JAC22735020RIO DE JANEIRO RJUNIAO UMB DOS CULTOS AFRO BRAS    16041810 000004
10231987175000168916200163100    00009103                     000091030000000000000109                     I019103      15031800000000140003410000017N190218104700000000000101503180000000000000000000000000000000000000000100008016237746RAFAEL GRACA PEREIRA                    ESTRADA DA COVANCA, 360 CASA            TANQUE - JAC22735020RIO DE JANEIRO RJUNIAO UMB DOS CULTOS AFRO BRAS    15031810 000005
10231987175000168916200163100    00009102                     000091020000000000000109                     I019102      16021800000000400003410000017N160218104700000000000101602180000000000000000000000000000000000000000100064075338720VALDENICE CONCEICAO DA SILVA C          RUA FELIX ANTONIO DA SILVA, LOTE 47     ENGENHO PEQU24417580SAO GONCALO    RJUNIAO UMB DOS CULTOS AFRO BRAS    16021810 000006
10231987175000168916200163100    00009101                     000091010000000000000109                     I019101      28021800000000070003410000017N080218104700000000000102802180000000000000000000000000000000000000000100001295514737DANUZA JEREMIAS DA SILVA                RUA JOAQUIM RAFAEL, 957                 COELHO - SAO24740020SAO GONCALO    RJUNIAO UMB DOS CULTOS AFRO BRAS    28021810 000007
10231987175000168916200163100    00009089                     000090890000000000000109                     I029089      09021800000000140003410000017N310118104700000000000100902180000000000000000000000000000000000000000100007809907735LUCIANA SANTOS DA SILVA                 BECO ADELIA N 3 - NOSSA SENHORA DAS GRACILHA DO GOVE21932003ILHA DO GOVERNARJUNIAO UMB DOS CULTOS AFRO BRAS    09021810 000008
10231987175000168916200163100    00009020                     000090200000000000000109                     I029020      17011800000000520003410000017N110118104700000000000101701180000000000000000000000000000000000000000100005754715730RAPHAEL FEITAIS PASSERI                 RUA GOVERNADOR LEONEL BRIZOLA SN LOTE 4 JARDIM ATLAN24934020MARICA         RJUNIAO UMB DOS CULTOS AFRO BRAS    17011810 000009
10231987175000168916200163100    00009017                     000090170000000000000109                     I349017      23011800000000350003410000017N110118104700000000000102301180000000000000000000000000000000000000000100085906743715FRANCISCA CELIA LEANDRO NEVES           O MESMO                                 O MESMO     21540460RIO DE JANEIRO RJUNIAO UMB DOS CULTOS AFRO BRAS    23011810 000010
10231987175000168916200163100    00008995                     000089950000000000000109                     I028995      30011800000000300003410000017N080118104700000000000103001180000000000000000000000000000000000000000100063049465700VILMA SUELI DE CARVALHO                 RUA: MOREIRA Nº 24 - ESTRADA DO SAQUACUSANTA CRUZ -23575005RIO DE JANEIRO RJUNIAO UMB DOS CULTOS AFRO BRAS    30011810 000011
10231987175000168916200163100    00008948                     000089480000000000000109                     I028948      10011800000000758983410000017N020118104700000000000101001180000000000000000000000000000000000000000100000424410755ANA PAULA SILVA BARBOSA                 RUA: ALCIDES MAIA                       BENTO RIBEIR21550560RIO DE JANEIRO RJUNIAO UMB DOS CULTOS AFRO BRAS    10011810 000012
10231987175000168916200163100    00008945                     000089450000000000000109                     I028945      10011800000000580853410000017N020118104700000000000101001180000000000000000000000000000000000000000100007854516766NATALIE SILVA DE LIMA                   RUA: JOAO DANIEL                        BENTO RIBEIR21550480RIO DE JANEIRO RJUNIAO UMB DOS CULTOS AFRO BRAS    10011810 000013
10231987175000168916200163100    00008943                     000089430000000000000109                     I028943      10011800000000299173410000017N020118104700000000000101001180000000000000000000000000000000000000000100068760680725ANNA LUCIA DE SOUZA                     RUA: JOAO DANIEL                        BENTO RIBEIR21550480RIO DE JANEIRO RJUNIAO UMB DOS CULTOS AFRO BRAS    10011810 000014
10231987175000168916200163100    00008937                     000089370000000000000109                     I028937      10011800000001200003410000017N020118104700000000000101001180000000000000000000000000000000000000000100012701486726MARIANA MAGALHAES DE C. J. I.           RUA: SALOMAO FILHO                      MARECHAL HER21331660RIO DE JANEIRO RJUNIAO UMB DOS CULTOS AFRO BRAS    10011810 000015
10231987175000168916200163100    00008915                     000089150000000000000109                     I028915      31011800000000035003410000017N020118104700000000000103101180000000000000000000000000000000000000000100003346596710ROSILENI ROSA DA SILVA                  RUA ADALGISA MONTEIRO N 133             ITAIPU - NIT24342110NITEROI        RJUNIAO UMB DOS CULTOS AFRO BRAS    31011810 000016
10231987175000168916200163100    00008883                     000088830000000000000109                     I028883      31011800000000035003410000017N020118104700000000000103101180000000000000000000000000000000000000000100000099070766INSTEFANI LIZETE NEVES FAUSTIN          RUA CONDADO 20                          PIABETA - MA25900000MAGE           RJUNIAO UMB DOS CULTOS AFRO BRAS    31011810 000017
10231987175000168916200163100    00008837                     000088370000000000000109                     I028837      31011800000000035003410000017N020118104700000000000103101180000000000000000000000000000000000000000100002819747728ANDRE RENATO DOS SANTOS VIANA           RUA RODRIGUES ALVES SN LOTE 38 QUADRA 82VILA SAPE - 25275440DUQUE DE CAXIASRJUNIAO UMB DOS CULTOS AFRO BRAS    31011810 000018
10231987175000168916200163100    00008821                     000088210000000000000109                     I028821      31011800000000035003410000017N020118104700000000000103101180000000000000000000000000000000000000000100011519708750GERALDINA DA SILVA MENDONCA             AV. ALBERTINO LADEIRA, 63               ENGENHEIRO R26041510NOVA IGUACU    RJUNIAO UMB DOS CULTOS AFRO BRAS    31011810 000019
10231987175000168916200163100    00008818                     000088180000000000000109                     I028818      31011800000000035003410000017N020118104700000000000103101180000000000000000000000000000000000000000100011639602763PAULO HUMBERTO AZEVEDO PONTE J          RUA MARECHAL RONDON, 1037 - SOBRADO     SAO FRANCISC20950003RIO DE JANEIRO RJUNIAO UMB DOS CULTOS AFRO BRAS    31011810 000020
10231987175000168916200163100    00008783                     000087830000000000000109                     I028783      31011800000000035003410000017N020118104700000000000103101180000000000000000000000000000000000000000100064075338720VALDENICE CONCEICAO DA SILVA C          RUA FELIX ANTONIO DA SILVA, LOTE 47     ENGENHO PEQU24417580SAO GONCALO    RJUNIAO UMB DOS CULTOS AFRO BRAS    31011810 000021
10231987175000168916200163100    00008773                     000087730000000000000109                     I028773      31011800000000035003410000017N020118104700000000000103101180000000000000000000000000000000000000000100003317113707WIRANI MARTINS                          RUA ETELVINA DE CASTRO LOTE 16 QUADRA 14PQ ELDORADO 25240390DUQUE DE CAXIASRJUNIAO UMB DOS CULTOS AFRO BRAS    31011810 000022
10231987175000168916200163100    00008765                     000087650000000000000109                     I028765      31011800000000035003410000017N020118104700000000000103101180000000000000000000000000000000000000000100002865366766LUCIA DA SILVA CESAR                    RUA NOVE DE JUNHO, LOTE 17 QUADRA 15    JARDIM CABUC26335000RIO DE JANEIRO RJUNIAO UMB DOS CULTOS AFRO BRAS    31011810 000023
10231987175000168916200163100    00008758                     000087580000000000000109                     I028758      31011800000000035003410000017N020118104700000000000103101180000000000000000000000000000000000000000100014662958725LUAN HENRIQUE MONTEIRO                  ESTRADA DO PARAISO N 209                CASTELANEA -25635412PETROPOLIS     RJUNIAO UMB DOS CULTOS AFRO BRAS    31011810 000024
10231987175000168916200163100    00008711                     000087110000000000000109                     I028711      31011800000000035003410000017N020118104700000000000103101180000000000000000000000000000000000000000100001015649700JORGE LUIZ PEIXOTO DO NASCIMEN          RUA JOAO BATISTA, 161                   NEVES - SAO 24425060SAO GONCALO    RJUNIAO UMB DOS CULTOS AFRO BRAS    31011810 000025
10231987175000168916200163100    00008692                     000086920000000000000109                     I028692      31011800000000035003410000017N020118104700000000000103101180000000000000000000000000000000000000000100000451962737JORGE CRISPIM DANTAS DE ARAUJO          RUA ORLANDO DE AQUINO, 115              PARQUE ANCHI21635370RIO DE JANEIRO RJUNIAO UMB DOS CULTOS AFRO BRAS    31011810 000026
10231987175000168916200163100    00008541                     000085410000000000000109                     I028541      31011800000000035003410000017N020118104700000000000103101180000000000000000000000000000000000000000100058234110730FRANCISCA ARAUJO VASCONCELOS            AVENIDA CEZARIO DE MELO N 3720 BLOCO 3 ACAMPO GRANDE26051470RIO DE JANEIRO RJUNIAO UMB DOS CULTOS AFRO BRAS    31011810 000027
10231987175000168916200163100    00008499                     000084990000000000000109                     I028499      31011800000000035003410000017N020118104700000000000103101180000000000000000000000000000000000000000100059352272749IVANIR DA CONCEICAO DE ALMEIDA          RUA EUCLIDES, 218 - VILA MILITAR        MAGALHAES BA21745130RIO DE JANEIRO RJUNIAO UMB DOS CULTOS AFRO BRAS    31011810 000028
10231987175000168916200163100    00008459                     000084590000000000000109                     I028459      31011800000000035003410000017N020118104700000000000103101180000000000000000000000000000000000000000100001173292748REINALTO BATISTA SILVEIRA               RUA MANOEL MACHADO DE OLIVEIRA, 55      MARIA LUIZA 23060000CAMPO GRANDE   RJUNIAO UMB DOS CULTOS AFRO BRAS    31011810 000029
10231987175000168916200163100    00004639                     000046390000000000000109                     I024639      22121700000000350003410000017N171117104700000000000102212170000000000000000000000000000000000000000100085906743715FRANCISCA CELIA LEANDRO NEVES           O MESMO                                 O MESMO     21540460RIO DE JANEIRO RJUNIAO UMB DOS CULTOS AFRO BRAS    22121710 000030
10231987175000168916200163100    00004568                     000045680000000000000109                     I024568      22121700000000350003410000017N171117104700000000000102212170000000000000000000000000000000000000000100058365737787ALTAMIRA ROSA                           AVENIDA DO CONTORNO 17                  PARADA MORAB25000000DUQUE DE CAXIASRJUNIAO UMB DOS CULTOS AFRO BRAS    22121710 000031
10231987175000168916200163100    00004465                     000044650000000000000109                     I024465      22121700000000350003410000017N171117104700000000000102212170000000000000000000000000000000000000000100001857739744JORGE DE MORAES ESTANISLAU              RUA TITANIC N 7 CASA 1 FUNDOS           REALENGO - R21735620RIO DE JANEIRO RJUNIAO UMB DOS CULTOS AFRO BRAS    22121710 000032
10231987175000168916200163100    00004401                     000044010000000000000109                     I024401      22121700000000350003410000017N171117104700000000000102212170000000000000000000000000000000000000000100007809907735LUCIANA SANTOS DA SILVA                 BECO ADELIA N 3 - NOSSA SENHORA DAS GRACILHA DO GOVE21932003ILHA DO GOVERNARJUNIAO UMB DOS CULTOS AFRO BRAS    22121710 000033
10231987175000168916200163100    00004354                     000043540000000000000109                     I024354      22121700000000350003410000017N171117104700000000000102212170000000000000000000000000000000000000000100002596844737NANCI BARCELOS MACIEL                   MESMO                                   MESMO       21320030RIO DE JANEIRO RJUNIAO UMB DOS CULTOS AFRO BRAS    22121710 000034
10231987175000168916200163100    00004294                     000042940000000000000109                     I024294      22121700000000350003410000017N171117104700000000000102212170000000000000000000000000000000000000000100040262146720ARABELA SILVA CAMPOS DOS REIS           RUA DUARTE TEIXEIRA, 349 CASA 4         QUINTINO BOC21311330RIO DE JANEIRO RJUNIAO UMB DOS CULTOS AFRO BRAS    22121710 000035
10231987175000168916200163100    00004237                     000042370000000000000109                     I024237      22121700000000350003410000017N171117104700000000000102212170000000000000000000000000000000000000000100069296715415VANDA FEIJO DE MELO DE CASTRO           RUA DOUTOR GARNIER, 687 CASA 2          ROCHA - RIO 20975000RIO DE JANEIRO RJUNIAO UMB DOS CULTOS AFRO BRAS    22121710 000036
10231987175000168916200163100    00004189                     000041890000000000000109                     I024189      22121700000000350003410000017N171117104700000000000102212170000000000000000000000000000000000000000100007540937785MICHEL FREIRE HUGUENIN                  RUA CARLOS XAVIER, 416                  OSWALDO CRUZ21310000RIO DE JANEIRO RJUNIAO UMB DOS CULTOS AFRO BRAS    22121710 000037
10231987175000168916200163100    00004085                     000040850000000000000109                     I024085      22121700000000350003410000017N171117104700000000000102212170000000000000000000000000000000000000000100063164256787ALICE FRANCISCO LOPES                   RUA JORNALISTA PINHEIRO LEMOS, 296      COSTA BARROS21650200RIO DE JANEIRO RJUNIAO UMB DOS CULTOS AFRO BRAS    22121710 000038
10231987175000168916200163100    00003825                     000038250000000000000109                     I023825      01021800000000350003410000017N171117104700000000000100102180000000000000000000000000000000000000000100081891423720MAURO DINIZ                             RUA CINQUENTA E UM, LT 10 QDA 194 CASA 2JARDIM ATLAN24934625MARICA         RJUNIAO UMB DOS CULTOS AFRO BRAS    01021810 000039
10231987175000168916200163100    00003795                     000037950000000000000109                     I023795      22121700000000350003410000017N171117104700000000000102212170000000000000000000000000000000000000000100033151440797LAUDICEIA FERRO DOS SANTOS              RUA ADISABEL, LOTE 10 QUADRA 39         NOVA AURORA 26155110BELFORD ROXO   RJUNIAO UMB DOS CULTOS AFRO BRAS    22121710 000040
10231987175000168916200163100    00003718                     000037180000000000000109                     I023718      22121700000000350003410000017N171117104700000000000102212170000000000000000000000000000000000000000100001256782742VANDA BARBOSA BASTOS                    RUA CERES, 1058                         BANGU - RIO 21862070RIO DE JANEIRO RJUNIAO UMB DOS CULTOS AFRO BRAS    22121710 000041
10231987175000168916200163100    00003580                     000035800000000000000109                     I023580      22121700000000350003410000017N171117104700000000000102212170000000000000000000000000000000000000000100000675108764MARIA CRISTINA SANTOS GENEROSO          RUA  APODI, LOTE 4 QUADRA 47            PARQUE  SUEC26187300BELFORD ROXO   RJUNIAO UMB DOS CULTOS AFRO BRAS    22121710 000042
10231987175000168916200163100    00003418                     000034180000000000000109                     I023418      22121700000000350003410000017N171117104700000000000102212170000000000000000000000000000000000000000100076103137774VICENTE DE PAULA PEREIRA                RUA POTINGUARA, 253                     BOA ESPERANC26113720BELFORD ROXO   RJUNIAO UMB DOS CULTOS AFRO BRAS    22121710 000043
10231987175000168916200163100    00003014                     000030140000000000000109                     I023014      31121700000000035003410000017N131117104700000000000103112170000000000000000000000000000000000000000100001857739744JORGE DE MORAES ESTANISLAU              RUA TITANIC N 7 CASA 1 FUNDOS           REALENGO - R21735620RIO DE JANEIRO RJUNIAO UMB DOS CULTOS AFRO BRAS    31121710 000044
10231987175000168916200163100    00002949                     000029490000000000000109                     I022949      31121700000000035003410000017N131117104700000000000103112170000000000000000000000000000000000000000100007809907735LUCIANA SANTOS DA SILVA                 BECO ADELIA N 3 - NOSSA SENHORA DAS GRACILHA DO GOVE21932003ILHA DO GOVERNARJUNIAO UMB DOS CULTOS AFRO BRAS    31121710 000045
10231987175000168916200163100    00002902                     000029020000000000000109                     I022902      31121700000000035003410000017N131117104700000000000103112170000000000000000000000000000000000000000100002596844737NANCI BARCELOS MACIEL                   MESMO                                   MESMO       21320030RIO DE JANEIRO RJUNIAO UMB DOS CULTOS AFRO BRAS    31121710 000046
10231987175000168916200163100    00002842                     000028420000000000000109                     I022842      31121700000000035003410000017N131117104700000000000103112170000000000000000000000000000000000000000100040262146720ARABELA SILVA CAMPOS DOS REIS           RUA DUARTE TEIXEIRA, 349 CASA 4         QUINTINO BOC21311330RIO DE JANEIRO RJUNIAO UMB DOS CULTOS AFRO BRAS    31121710 000047
10231987175000168916200163100    00002784                     000027840000000000000109                     I022784      31121700000000035003410000017N131117104700000000000103112170000000000000000000000000000000000000000100069296715415VANDA FEIJO DE MELO DE CASTRO           RUA DOUTOR GARNIER, 687 CASA 2          ROCHA - RIO 20975000RIO DE JANEIRO RJUNIAO UMB DOS CULTOS AFRO BRAS    31121710 000048
10231987175000168916200163100    00002734                     000027340000000000000109                     I022734      31121700000000035003410000017N131117104700000000000103112170000000000000000000000000000000000000000100007540937785MICHEL FREIRE HUGUENIN                  RUA CARLOS XAVIER, 416                  OSWALDO CRUZ21310000RIO DE JANEIRO RJUNIAO UMB DOS CULTOS AFRO BRAS    31121710 000049
10231987175000168916200163100    00002628                     000026280000000000000109                     I022628      31121700000000035003410000017N131117104700000000000103112170000000000000000000000000000000000000000100063164256787ALICE FRANCISCO LOPES                   RUA JORNALISTA PINHEIRO LEMOS, 296      COSTA BARROS21650200RIO DE JANEIRO RJUNIAO UMB DOS CULTOS AFRO BRAS    31121710 000050
10231987175000168916200163100    00002307                     000023070000000000000109                     I022307      31121700000000035003410000017N131117104700000000000103112170000000000000000000000000000000000000000100033151440797LAUDICEIA FERRO DOS SANTOS              RUA ADISABEL, LOTE 10 QUADRA 39         NOVA AURORA 26155110BELFORD ROXO   RJUNIAO UMB DOS CULTOS AFRO BRAS    31121710 000051
10231987175000168916200163100    00002230                     000022300000000000000109                     I022230      31121700000000035003410000017N131117104700000000000103112170000000000000000000000000000000000000000100001256782742VANDA BARBOSA BASTOS                    RUA CERES, 1058                         BANGU - RIO 21862070RIO DE JANEIRO RJUNIAO UMB DOS CULTOS AFRO BRAS    31121710 000052
9                                                                                                                                                                                                                                                                                                                                                                                                         000053
