01REMESSA01COBRANCA       817800093673        União Umb dos Cultos Afro Bra341BANCO ITAU SA  090118                                                                                                                                                                                                                                                                                                      000001
10231987175000168817800093673    00005156                     000051560000000000000109                     I015156      31011800000000035003410000017N261217050900000000000103101180000000000000000000000000000000000000000100064431002715SERGIO MURILO ALVES PEREIRA             RUA ROCHA, LOTE 4 QUADRA 4 CASA 2       JARDIM BONIF25565161SAO JOAO DE MERRJUNIAO UMB DOS CULTOS AFRO BRAS    31011810 000002
10231987175000168817800093673    00005155                     000051550000000000000109                     I015155      31011800000000035003410000017N261217050900000000000103101180000000000000000000000000000000000000000100088504794768FATIMA MARIA DE OLIVEIRA                RUA TELMA, 22                           CABUCU - JAR26291266NOVA IGUACU    RJUNIAO UMB DOS CULTOS AFRO BRAS    31011810 000003
10231987175000168817800093673    00005154                     000051540000000000000109                     I015154      31011800000000035003410000017N261217050900000000000103101180000000000000000000000000000000000000000100025969153753MARIA EUNICE FRUCTUOSO MIGUEL           RUA: VIRGEM PEREGRINA Nº 81            PIEDADE - RI21381070RIO DE JANEIRO RJUNIAO UMB DOS CULTOS AFRO BRAS    31011810 000004
10231987175000168817800093673    00005153                     000051530000000000000109                     I015153      31011800000000035003410000017N261217050900000000000103101180000000000000000000000000000000000000000100007150949711SEVERINA BENVINDO FERREIRA              ESTRADA DO CALUNDU, LOTE 32 QUADRA 51   NOSSA SENHOR25040610DUQUE DE CAXIASRJUNIAO UMB DOS CULTOS AFRO BRAS    31011810 000005
10231987175000168817800093673    00005152                     000051520000000000000109                     I015152      31011800000000025003410000017N261217050900000000000103101180000000000000000000000000000000000000000100052329160363NENI GOMES DE ALMEIDA                   RUA MARIA SANTANA FERNANDES, LOTE 8 QUADJARDIM ACACI23845250SEROPEDICA     RJUNIAO UMB DOS CULTOS AFRO BRAS    31011810 000006
10231987175000168817800093673    00005151                     000051510000000000000109                     I015151      31011800000000035003410000017N261217050900000000000103101180000000000000000000000000000000000000000100004471243748MARIA IEDA DE ALMEIDA DA SILVA          PRACA JOAO CAETANO, 23 LOTE 23 QUADRA 4 LAUREANO - D25065240DUQUE DE CAXIASRJUNIAO UMB DOS CULTOS AFRO BRAS    31011810 000007
10231987175000168817800093673    00005150                     000051500000000000000109                     I015150      31011800000000035003410000017N261217050900000000000103101180000000000000000000000000000000000000000100054590604787VANDA PAIVA                             RUA LUIZ JACINTO, LOTE 3                EDEN - SAO J25535161SAO JOAO DE MERRJUNIAO UMB DOS CULTOS AFRO BRAS    31011810 000008
10231987175000168817800093673    00005149                     000051490000000000000109                     I015149      31011800000000035003410000017N261217050900000000000103101180000000000000000000000000000000000000000100059099747772EULINA LUCIA RODRIGUES DE SOUZ          RUA XAVIER DOS PASSAROS, 18 FUNDOS      PIEDADE - RJ20740330RIO DE JANEIRO RJUNIAO UMB DOS CULTOS AFRO BRAS    31011810 000009
10231987175000168817800093673    00005147                     000051470000000000000109                     I015147      31011800000000035003410000017N261217050900000000000103101180000000000000000000000000000000000000000100009116311787ETELVINA SOUZA DUARTE                   RUA CAIABU, 137 APTO 403                IRAJA - RJ  21361230RIO DE JANEIRO RJUNIAO UMB DOS CULTOS AFRO BRAS    31011810 000010
10231987175000168817800093673    00005145                     000051450000000000000109                     I015145      31011800000000035003410000017N261217050900000000000103101180000000000000000000000000000000000000000100003737351708TANIA PAULA DOS SANTOS                  RUA PREFEITO JOAO CARLOS VITAL, 80      SEPETIBA - R23540041RIO DE JANEIRO RJUNIAO UMB DOS CULTOS AFRO BRAS    31011810 000011
10231987175000168817800093673    00005144                     000051440000000000000109                     I015144      31011800000000035003410000017N261217050900000000000103101180000000000000000000000000000000000000000100001057873705ADEMIR ANDRADE CUNHA                    RUA PACHECO DA ROCHA N 636              BENTO RIBEIR21555092RIO DE JANEIRO RJUNIAO UMB DOS CULTOS AFRO BRAS    31011810 000012
10231987175000168817800093673    00005143                     000051430000000000000109                     I015143      31011800000000035003410000017N261217050900000000000103101180000000000000000000000000000000000000000100039341887704NORMA AYRES DA SILVA                    RUA VALENCA, 245                        BAR DOS CAVA25015590DUQUE DE CAXIASRJUNIAO UMB DOS CULTOS AFRO BRAS    31011810 000013
10231987175000168817800093673    00005142                     000051420000000000000109                     I015142      31011800000000035003410000017N261217050900000000000103101180000000000000000000000000000000000000000100011208480758MARIA ANTONIA KIFFER CORREA             AVENIDA MARECHAL HERMES, 1060           VILA SAO LUI25065115DUQUE DE CAXIASRJUNIAO UMB DOS CULTOS AFRO BRAS    31011810 000014
10231987175000168817800093673    00005141                     000051410000000000000109                     I015141      31011800000000035003410000017N261217050900000000000103101180000000000000000000000000000000000000000100088469212753NEIDE CARVALHO D ANGELO                 RUA GENERAL TRAUMATURGO, LOTE 17 QUADRA VILA ROSARIO25040010DUQUE DE CAXIASRJUNIAO UMB DOS CULTOS AFRO BRAS    31011810 000015
10231987175000168817800093673    00005139                     000051390000000000000109                     I015139      31011800000000035003410000017N261217050900000000000103101180000000000000000000000000000000000000000100000080766773SONIA CRISTINA DA SILVA ALVES           RUA AMARO AGUIAR BRANDAO, 72            BECO MAUA - 26193600BELFORD ROXO   RJUNIAO UMB DOS CULTOS AFRO BRAS    31011810 000016
10231987175000168817800093673    00005136                     000051360000000000000109                     I015136      31011800000000035003410000017N261217050900000000000103101180000000000000000000000000000000000000000100001637090765DEBORA VENTURA CESAR                    RUA DOS CONGREGADOS, 105 CASA 2         HELIOPOLIS  26123020RIO DE JANEIRO RJUNIAO UMB DOS CULTOS AFRO BRAS    31011810 000017
10231987175000168817800093673    00005135                     000051350000000000000109                     I015135      31011800000000035003410000017N261217050900000000000103101180000000000000000000000000000000000000000100058446559749CELIA ISRAEL DE OLIVEIRA                RUA CARAVELAS, LOTE 42 QUADRA 77        DR. LAUREANO25051230DUQUE DE CAXIASRJUNIAO UMB DOS CULTOS AFRO BRAS    31011810 000018
10231987175000168817800093673    00005134                     000051340000000000000109                     I015134      31011800000000035003410000017N261217050900000000000103101180000000000000000000000000000000000000000100001925108783HELENA MOREIRA PESSOA                   RUA CAPIVARA, LOTE 639 QUADRA 48        SANTA CRUZ D25260180DUQUE DE CAXIASRJUNIAO UMB DOS CULTOS AFRO BRAS    31011810 000019
10231987175000168817800093673    00005133                     000051330000000000000109                     I015133      31011800000000035003410000017N261217050900000000000103101180000000000000000000000000000000000000000100003756140792LUIZ HENRIQUE DINIZ SIMOES              RUA  BUCARESTE, 833                     VIGARIO GERA21241250RIO DE JANEIRO RJUNIAO UMB DOS CULTOS AFRO BRAS    31011810 000020
10231987175000168817800093673    00005132                     000051320000000000000109                     I015132      31011800000000035003410000017N261217050900000000000103101180000000000000000000000000000000000000000100001783778806MARIA LUIZA FERREIRA GODINHO C          ESTRADA DO BOIUNA, 2620                 TAQUARA - JA22723018RIO DE JANEIRO RJUNIAO UMB DOS CULTOS AFRO BRAS    31011810 000021
10231987175000168817800093673    00005131                     000051310000000000000109                     I015131      31011800000000035003410000017N261217050900000000000103101180000000000000000000000000000000000000000100010058913700RAMON DO NASCIMENTO MANES               RUA LIGIA, 329                          OLARIA - RJ 21073280RIO DE JANEIRO RJUNIAO UMB DOS CULTOS AFRO BRAS    31011810 000022
10231987175000168817800093673    00005130                     000051300000000000000109                     I015130      31011800000000035003410000017N261217050900000000000103101180000000000000000000000000000000000000000100055720277749MARIA DE FATIMA PEREIRA                 RUA CORONEL SEROA DA MOTA, 145          SEPETIBA    23535040RIO DE JANEIRO RJUNIAO UMB DOS CULTOS AFRO BRAS    31011810 000023
10231987175000168817800093673    00005129                     000051290000000000000109                     I015129      31011800000000035003410000017N261217050900000000000103101180000000000000000000000000000000000000000100007474273721CLARINDO DE MEDEIROS                    RUA SAO MARCOS, 145A                    VILAR DOS TE25561220SAO JOAO DE MERRJUNIAO UMB DOS CULTOS AFRO BRAS    31011810 000024
10231987175000168817800093673    00005127                     000051270000000000000109                     I015127      31011800000000035003410000017N261217050900000000000103101180000000000000000000000000000000000000000100022023461715SAULO EMMANUEL FERREIRA GUEDES          AVENIDA VICENTE DE CARVALHO, 1431 BLOCO VICENTE DE C21210003RIO DE JANEIRO RJUNIAO UMB DOS CULTOS AFRO BRAS    31011810 000025
10231987175000168817800093673    00005126                     000051260000000000000109                     I015126      31011800000000035003410000017N261217050900000000000103101180000000000000000000000000000000000000000100041216989753CARMEM VIANA DE JESUS                   RUA DAS TULIPAS, LOTE 4 A QUADRA 5      CIDADE DOS M25235040DUQUE DE CAXIASRJUNIAO UMB DOS CULTOS AFRO BRAS    31011810 000026
10231987175000168817800093673    00005125                     000051250000000000000109                     I015125      31011800000000035003410000017N261217050900000000000103101180000000000000000000000000000000000000000100081478143720JOAO BATISTA MARQUES                    RUA: DIONEIA Nº 15 - ROCINHA / GAVEA /RTEM BOLETA 422451330RIO DE JANEIRO RJUNIAO UMB DOS CULTOS AFRO BRAS    31011810 000027
10231987175000168817800093673    00005124                     000051240000000000000109                     I015124      31011800000000035003410000017N261217050900000000000103101180000000000000000000000000000000000000000100059195711791ELOISA HELENA PEREIRA NUNES             RUA BOAIACA, 330                        BENTO RIBEIR21331600RIO DE JANEIRO RJUNIAO UMB DOS CULTOS AFRO BRAS    31011810 000028
10231987175000168817800093673    00005123                     000051230000000000000109                     I015123      31011800000000035003410000017N261217050900000000000103101180000000000000000000000000000000000000000100000675108764MARIA CRISTINA SANTOS GENEROSO          RUA  APODI, LOTE 4 QUADRA 47            PARQUE  SUEC26187300BELFORD ROXO   RJUNIAO UMB DOS CULTOS AFRO BRAS    31011810 000029
10231987175000168817800093673    00005122                     000051220000000000000109                     I015122      31011800000000035003410000017N261217050900000000000103101180000000000000000000000000000000000000000100063538369704VERA LUCIA SOARES CONCEICAO DE          RUA CARALUNA, 35                        GUARATIBA - 23032070RIO DE JANEIRO RJUNIAO UMB DOS CULTOS AFRO BRAS    31011810 000030
10231987175000168817800093673    00005119                     000051190000000000000109                     I015119      31011800000000035003410000017N261217050900000000000103101180000000000000000000000000000000000000000100090021177791MARIA CRISTINA SOUZA DE OLIVEI          RUA: DA GLORIA Nº 4064 - VILA LEPOLDINADUQUE DE CAX25060240DUQUE DE CAXIASRJUNIAO UMB DOS CULTOS AFRO BRAS    31011810 000031
10231987175000168817800093673    00005109                     000051090000000000000109                     I015109      31011800000000035003410000017N261217050900000000000103101180000000000000000000000000000000000000000100005363118700VALDECI LIMA DA COSTA                   O MESMO                                 O MESMO     21210420RIO DE JANEIRO RJUNIAO UMB DOS CULTOS AFRO BRAS    31011810 000032
10231987175000168817800093673    00005105                     000051050000000000000109                     I015105      31011800000000035003410000017N261217050900000000000103101180000000000000000000000000000000000000000100044608268791FAUSTO DOS SANTOS REZENDE               O MESMO                                 O MESMO     21010070RIO DE JANEIRO RJUNIAO UMB DOS CULTOS AFRO BRAS    31011810 000033
10231987175000168817800093673    00005102                     000051020000000000000109                     I015102      31011800000000035003410000017N261217050900000000000103101180000000000000000000000000000000000000000100007742829754CARLOS ANDERSON DA SILVA DIAS           RUA COSMORAMA, 700 COMPL. CAMELIA 120   MESQUITA - R26582020RIO DE JANEIRO RJUNIAO UMB DOS CULTOS AFRO BRAS    31011810 000034
10231987175000168817800093673    00005101                     000051010000000000000109                     I015101      31011800000000035003410000017N261217050900000000000103101180000000000000000000000000000000000000000100007544975770WILLIAMS COSTA SOARES                   O MESMO                                 O MESMO     26261150NOVA IGUACU    RJUNIAO UMB DOS CULTOS AFRO BRAS    31011810 000035
10231987175000168817800093673    00005100                     000051000000000000000109                     I015100      31011800000000035003410000017N261217050900000000000103101180000000000000000000000000000000000000000100003666096700MARIA DOS SANTOS MACHADO                RUA JOAO RAIMUNDO, QUADRA 3 LOTE 13     VILA SANTO A25041400DUQUE DE CAXIASRJUNIAO UMB DOS CULTOS AFRO BRAS    31011810 000036
10231987175000168817800093673    00005099                     000050990000000000000109                     I015099      31011800000000035003410000017N261217050900000000000103101180000000000000000000000000000000000000000100007359102782MARIA GORETE DA CONCEICAO               RUA: CINTIA Nº 343 - JARDIM CANAA      NOVA IGUACU 26262070NOVA IGUACU    RJUNIAO UMB DOS CULTOS AFRO BRAS    31011810 000037
10231987175000168817800093673    00005098                     000050980000000000000109                     I015098      31011800000000035003410000017N261217050900000000000103101180000000000000000000000000000000000000000100001149312750CLAUDIO SERGIO DE CASTRO                RUA: LAJAO Nº 279 - CENTRO / CONSELHEIRMINAS GERAIS35240000MINAS GERAIS   MGUNIAO UMB DOS CULTOS AFRO BRAS    31011810 000038
10231987175000168817800093673    00005097                     000050970000000000000109                     I015097      31011800000000035003410000017N261217050900000000000103101180000000000000000000000000000000000000000100002878076737TANIA NACARI AIRES GALVAO               RUA MORRO DAS FLORAS N 25 - CACUIA      CACUIA - ILH21930440ILHA DO GOVERNARJUNIAO UMB DOS CULTOS AFRO BRAS    31011810 000039
10231987175000168817800093673    00005096                     000050960000000000000109                     I015096      31011800000000035003410000017N261217050900000000000103101180000000000000000000000000000000000000000100003200716851CYNTHIA RITA HERTEL                     FRIBURGO LOTE 17 QUADRA 26 - SAMBAETIBA ITABORAI - R24842220ITABORAI       RJUNIAO UMB DOS CULTOS AFRO BRAS    31011810 000040
10231987175000168817800093673    00005095                     000050950000000000000109                     I015095      31011800000000035003410000017N261217050900000000000103101180000000000000000000000000000000000000000100005727808774RITA BORGES MOREIRA                     RUA: CIRILO DA SILVEIRA Nº 80 - RUA J LVILA VALQUEI21330735RIO DE JANEIRO RJUNIAO UMB DOS CULTOS AFRO BRAS    31011810 000041
10231987175000168817800093673    00005094                     000050940000000000000109                     I015094      31011800000000035003410000017N261217050900000000000103101180000000000000000000000000000000000000000100007201140710MARIA DE FATIMA DE OLIVEIRA SI          RUA MUTIRAO, 384                        SANTO AGOSTI27291110VOLTA REDONDA  RJUNIAO UMB DOS CULTOS AFRO BRAS    31011810 000042
10231987175000168817800093673    00005093                     000050930000000000000109                     I015093      31011800000000035003410000017N261217050900000000000103101180000000000000000000000000000000000000000100000633058793ROSA MARIA SILVA RIBEIRO                RUA DOM BOSCO, 118                      EUCALIPTAL -27263050VOLTA REDONDA  RJUNIAO UMB DOS CULTOS AFRO BRAS    31011810 000043
10231987175000168817800093673    00005092                     000050920000000000000109                     I015092      31011800000000035003410000017N261217050900000000000103101180000000000000000000000000000000000000000100096094702700NERTAN SIGWARD RODRIGUES                RUA BARAO DE VARGEM ALEGRE, 50          VARGEM ALEGR27155000BARRA DO PIRAI RJUNIAO UMB DOS CULTOS AFRO BRAS    31011810 000044
10231987175000168817800093673    00005091                     000050910000000000000109                     I015091      31011800000000035003410000017N261217050900000000000103101180000000000000000000000000000000000000000100070891036768EDNA FERREIRA DE MELO                   RUA SARGENTO MARQUETI N 5               MARECHAL HER21611000RIO DE JANEIRO RJUNIAO UMB DOS CULTOS AFRO BRAS    31011810 000045
10231987175000168817800093673    00005090                     000050900000000000000109                     I015090      31011800000000035003410000017N261217050900000000000103101180000000000000000000000000000000000000000100031668500744TERESA CRISTINA PINTO DE NOVAE          AVENIDA: GLAUCIO GIL Nº 310 APTº 103  RECREIO DOS 22795172RIO DE JANEIRO RJUNIAO UMB DOS CULTOS AFRO BRAS    31011810 000046
10231987175000168817800093673    00005089                     000050890000000000000109                     I015089      31011800000000035003410000017N261217050900000000000103101180000000000000000000000000000000000000000100003125944708ROGERIO GOMES DA SILVA                  RUA: DOUTOR BERNARDINO GOMES Nº 92     BANCARIOS - 21910130RIO DE JANEIRO RJUNIAO UMB DOS CULTOS AFRO BRAS    31011810 000047
10231987175000168817800093673    00005088                     000050880000000000000109                     I015088      31011800000000035003410000017N261217050900000000000103101180000000000000000000000000000000000000000100066334012720ROBERTO LUIZ POMBO DA SILVA             RUA BERNADINO RIBEIRO Nº 7             COSTA BARROS20250000RIO DE JANEIRO RJUNIAO UMB DOS CULTOS AFRO BRAS    31011810 000048
10231987175000168817800093673    00005087                     000050870000000000000109                     I015087      31011800000000035003410000017N261217050900000000000103101180000000000000000000000000000000000000000100040550699791ATHAYDE DE LEMOS                        RUA PROJETADA Nº 13                    JD MONTEIRO 23080000RIO DE JANEIRO RJUNIAO UMB DOS CULTOS AFRO BRAS    31011810 000049
10231987175000168817800093673    00005086                     000050860000000000000109                     I015086      31011800000000035003410000017N261217050900000000000103101180000000000000000000000000000000000000000100002541954743DENISE DIAS DE OLIVEIRA                 RUA: BERNARDINO DE CAMPOS               DUQUE DE CAX25035530DUQUE DE CAXIASRJUNIAO UMB DOS CULTOS AFRO BRAS    31011810 000050
10231987175000168817800093673    00005085                     000050850000000000000109                     I015085      31011800000000035003410000017N261217050900000000000103101180000000000000000000000000000000000000000100090682211753ELIZABETH VALENTIM                      AL: SEIS SN LT 38 QD 182 - CAMPO LINDO  SEROPEDICA -23845190RIO DE JANEIRO RJUNIAO UMB DOS CULTOS AFRO BRAS    31011810 000051
10231987175000168817800093673    00005084                     000050840000000000000109                     I015084      31011800000000035003410000017N261217050900000000000103101180000000000000000000000000000000000000000100002065913738ROBSON DE FARIA TORRES                  RUA CAPITAO AROLDO LEITAO Nº 54 FUNDOS OLARIA - RJ 21071050RIO DE JANEIRO RJUNIAO UMB DOS CULTOS AFRO BRAS    31011810 000052
10231987175000168817800093673    00005083                     000050830000000000000109                     I015083      31011800000000035003410000017N261217050900000000000103101180000000000000000000000000000000000000000100049170872791SONIA REGINA BARBOSA CAVATO             AVENIDA: SCHULTZ WENK Nº 183           CORDOVIL - R21012155RIO DE JANEIRO RJUNIAO UMB DOS CULTOS AFRO BRAS    31011810 000053
10231987175000168817800093673    00005082                     000050820000000000000109                     I015082      31011800000000035003410000017N261217050900000000000103101180000000000000000000000000000000000000000100067461000706NOELIA NOEMIA FERREIRA PILAO            AV. EUCLIDES DA CUNHA N° 100 A         V. SAO JOAO 22790702RIO DE JANEIRO RJUNIAO UMB DOS CULTOS AFRO BRAS    31011810 000054
10231987175000168817800093673    00005081                     000050810000000000000109                     I015081      31011800000000035003410000017N261217050900000000000103101180000000000000000000000000000000000000000100008763637707JUSSARA SILVA DE ALBUQUERQUE            RUA: ARGOS Nº 281 FUNDOS - GUADALUPE   RIO DE JANEI21660050RIO DE JANEIRO RJUNIAO UMB DOS CULTOS AFRO BRAS    31011810 000055
10231987175000168817800093673    00005079                     000050790000000000000109                     I015079      31011800000000035003410000017N261217050900000000000103101180000000000000000000000000000000000000000100003341741738CASSIA GOMES CASTORINO                  RUA: COMENDADOR CRISOSTEMO CRUZ LOTE 13 STª MARIA -26165400BELFORD ROXO   RJUNIAO UMB DOS CULTOS AFRO BRAS    31011810 000056
10231987175000168817800093673    00005076                     000050760000000000000109                     I015076      31011800000000035003410000017N261217050900000000000103101180000000000000000000000000000000000000000100004151403744ANDRE DOMINGOS NUNES                    RUA ISAC MADEIRA N 127                  SEPETIBA - R23535801RIO DE JANEIRO RJUNIAO UMB DOS CULTOS AFRO BRAS    31011810 000057
10231987175000168817800093673    00005075                     000050750000000000000109                     I015075      31011800000000035003410000017N261217050900000000000103101180000000000000000000000000000000000000000100038923335720MARILENE LOPES                          RUA: LIBERATO                           MESQUITA    26235180MESQUITA       RJUNIAO UMB DOS CULTOS AFRO BRAS    31011810 000058
10231987175000168817800093673    00005073                     000050730000000000000109                     I015073      31011800000000035003410000017N261217050900000000000103101180000000000000000000000000000000000000000100089682300487STIVES FERREIRA DA SILVA                RUA OSVALDO EVANGELISTA DOS SANTOS N 110BANGU - RIO 21864530RIO DE JANEIRO RJUNIAO UMB DOS CULTOS AFRO BRAS    31011810 000059
10231987175000168817800093673    00005072                     000050720000000000000109                     I015072      31011800000000035003410000017N261217050900000000000103101180000000000000000000000000000000000000000100083819991700LUZIA GERALDINA DA SILVA                ESTRADA DA FAZENDINHA N 5 FUNDOS        BADU - NITER23320420NITEROI        RJUNIAO UMB DOS CULTOS AFRO BRAS    31011810 000060
10231987175000168817800093673    00005067                     000050670000000000000109                     I015067      31011800000000035003410000017N261217050900000000000103101180000000000000000000000000000000000000000100071924337720MARIA DAS DORES FERREIRA PESSA          AVENIDA  RAFAEL DE OLIVEIRA  60         GUADALUPE   21675620RIO DE JANEIRO RJUNIAO UMB DOS CULTOS AFRO BRAS    31011810 000061
10231987175000168817800093673    00005066                     000050660000000000000109                     I015066      31011800000000035003410000017N261217050900000000000103101180000000000000000000000000000000000000000100078664870730LUCIA MARA RIBEIRO OLIVEIRA             RUA LUIZA N 47                          CHATUBA - ME26584210MESQUITA       RJUNIAO UMB DOS CULTOS AFRO BRAS    31011810 000062
10231987175000168817800093673    00005065                     000050650000000000000109                     I015065      31011800000000035003410000017N261217050900000000000103101180000000000000000000000000000000000000000100090776704753CLAUDIO ISAAC PEREIRA TEIXEIRA          RUA ARUTI N 57 FUNDOS                   PRACA SECA -21321030RIO DE JANEIRO RJUNIAO UMB DOS CULTOS AFRO BRAS    31011810 000063
10231987175000168817800093673    00005064                     000050640000000000000109                     I015064      31011800000000035003410000017N261217050900000000000103101180000000000000000000000000000000000000000100079006980753ELIANE BARBOSA RODRIGUES                MESMO                                   MESMO       25550480SAO JOAO DE MERRJUNIAO UMB DOS CULTOS AFRO BRAS    31011810 000064
10231987175000168817800093673    00005063                     000050630000000000000109                     I015063      31011800000000035003410000017N261217050900000000000103101180000000000000000000000000000000000000000100049586254704ALZIRA MARIA CHAVES DA SILVA            RUA AMANAJO N 677                       BANGU - RIO 21820210RIO DE JANEIRO RJUNIAO UMB DOS CULTOS AFRO BRAS    31011810 000065
10231987175000168817800093673    00005061                     000050610000000000000109                     I015061      31011800000000035003410000017N261217050900000000000103101180000000000000000000000000000000000000000100010491247745JOAO BATISTA MACEDO DE FREITAS          RUA ITAGIBA N 1047 FUNDOS               COSMOS - RIO23060450RIO DE JANEIRO RJUNIAO UMB DOS CULTOS AFRO BRAS    31011810 000066
10231987175000168817800093673    00005059                     000050590000000000000109                     I015059      31011800000000035003410000017N261217050900000000000103101180000000000000000000000000000000000000000100082233039734BARBARA DA SILVA CUNHA MOREIRA          RUA EVARISTO PIRES N 290                BANGU - RIO 21840040RIO DE JANEIRO RJUNIAO UMB DOS CULTOS AFRO BRAS    31011810 000067
10231987175000168817800093673    00005058                     000050580000000000000109                     I015058      31011800000000035003410000017N261217050900000000000103101180000000000000000000000000000000000000000100076744515772GELSON CORREA DE CARVALHO               RUA MANOEL MACHADO N 77                 VAZ LOBO - R21361090RIO DE JANEIRO RJUNIAO UMB DOS CULTOS AFRO BRAS    31011810 000068
10231987175000168817800093673    00005055                     000050550000000000000109                     I015055      31011800000000035003410000017N261217050900000000000103101180000000000000000000000000000000000000000100046745467704MARIA DA CONCEICAO COELHO DE S          RUA DAVI CAPISTRANO DA COSTA N 52 CASA 1CONJUNTO GOU23587330PACIENCIA      RJUNIAO UMB DOS CULTOS AFRO BRAS    31011810 000069
10231987175000168817800093673    00005054                     000050540000000000000109                     I015054      31011800000000035003410000017N261217050900000000000103101180000000000000000000000000000000000000000100001295514737DANUZA JEREMIAS DA SILVA                RUA JOAQUIM RAFAEL, 957                 COELHO - SAO24740020SAO GONCALO    RJUNIAO UMB DOS CULTOS AFRO BRAS    31011810 000070
10231987175000168817800093673    00005052                     000050520000000000000109                     I015052      31011800000000035003410000017N261217050900000000000103101180000000000000000000000000000000000000000100059272570700VERA LUCIA LIMA SILVA                   O MESMO                                 O MESMO     22723510RIO DE JANEIRO RJUNIAO UMB DOS CULTOS AFRO BRAS    31011810 000071
10231987175000168817800093673    00005050                     000050500000000000000109                     I015050      31011800000000035003410000017N261217050900000000000103101180000000000000000000000000000000000000000100079758517791NEY PEREIRA LEITE                       O MESMO                                 O MESMO     21735002RIO DE JANEIRO RJUNIAO UMB DOS CULTOS AFRO BRAS    31011810 000072
10231987175000168817800093673    00005049                     000050490000000000000109                     I015049      31011800000000035003410000017N261217050900000000000103101180000000000000000000000000000000000000000100005256804707SUSI ROSANA DE OLIVEIRA - JANA          O MESMO                                 O MESMO     21765000RIO DE JANEIRO RJUNIAO UMB DOS CULTOS AFRO BRAS    31011810 000073
10231987175000168817800093673    00005048                     000050480000000000000109                     I015048      31011800000000035003410000017N261217050900000000000103101180000000000000000000000000000000000000000100001789073758BERNADETE BURGOS AMORIM RANGEL          RUA: IMBUI Nº 120 - LARGO DO TANQUE    TANQUE / TAQ22730100RIO DE JANEIRO RJUNIAO UMB DOS CULTOS AFRO BRAS    31011810 000074
10231987175000168817800093673    00005046                     000050460000000000000109                     I015046      31011800000000035003410000017N261217050900000000000103101180000000000000000000000000000000000000000100001345348754ADRIANA DE LELIS                        RUA DOIS QUADRA D LOTE 13               BAIRRO SILVE23092080RIO DE JANEIRO RJUNIAO UMB DOS CULTOS AFRO BRAS    31011810 000075
10231987175000168817800093673    00005045                     000050450000000000000109                     I015045      31011800000000035003410000017N261217050900000000000103101180000000000000000000000000000000000000000100007070605757DANIEL MARCONDI DE SOUZA                RUA: TUPI Nº 20                        VILA PAULINE26185235BELFORD ROXO   RJUNIAO UMB DOS CULTOS AFRO BRAS    31011810 000076
10231987175000168817800093673    00005044                     000050440000000000000109                     I015044      31011800000000035003410000017N261217050900000000000103101180000000000000000000000000000000000000000100004287865707MARIA LUISA DE OLIVEIRA LIREO           RUA PORTO CARRERO N 333                 CORDOVIL - R21250260RIO DE JANEIRO RJUNIAO UMB DOS CULTOS AFRO BRAS    31011810 000077
10231987175000168817800093673    00005042                     000050420000000000000109                     I015042      31011800000000035003410000017N261217050900000000000103101180000000000000000000000000000000000000000100083122869772ANDREIA OLIVEIRA DE MENEZES             RUA VICENTE PONTE, 41 - JARDIM CARIOCA  GUARABU - IL21921740RIO DE JANEIRO RJUNIAO UMB DOS CULTOS AFRO BRAS    31011810 000078
10231987175000168817800093673    00005039                     000050390000000000000109                     I015039      31011800000000035003410000017N261217050900000000000103101180000000000000000000000000000000000000000100003032033748MARIA MOREIRA TEIXEIRA                  TRAVESSA RIACHAO 130                    AUSTIN - NOV26335090BELFORD ROXO   RJUNIAO UMB DOS CULTOS AFRO BRAS    31011810 000079
10231987175000168817800093673    00005037                     000050370000000000000109                     I015037      31011800000000035003410000017N261217050900000000000103101180000000000000000000000000000000000000000100003725237735LUCIANO LOPES DA SILVA                  ALAMEDA BUENO AIRES N 370               RIO DO OURO 24752360SAO GONCALO    RJUNIAO UMB DOS CULTOS AFRO BRAS    31011810 000080
10231987175000168817800093673    00005036                     000050360000000000000109                     I015036      31011800000000035003410000017N261217050900000000000103101180000000000000000000000000000000000000000100006932718766CARLOS EDUARDO DE OLIVEIRA              TRAVESSA CARLOS SAMPAIO QUADRA 2 LOTE 23AUSTIN - NOV26087287NOVA IGUACU    RJUNIAO UMB DOS CULTOS AFRO BRAS    31011810 000081
10231987175000168817800093673    00005035                     000050350000000000000109                     I015035      31011800000000035003410000017N261217050900000000000103101180000000000000000000000000000000000000000100043116248753NORMA FELIX DA SILVA PEREIRA            RUA HENRIQUE MARTINS LOTE 24 QUADRA 17  LAGOINHA - S24736130SAO GONCALO    RJUNIAO UMB DOS CULTOS AFRO BRAS    31011810 000082
10231987175000168817800093673    00005033                     000050330000000000000109                     I015033      31011800000000035003410000017N261217050900000000000103101180000000000000000000000000000000000000000100098546686734MARCIO NEVES                            RUA FLORIANOPOLIS N 63                  PRACA SECA -21321050RIO DE JANEIRO RJUNIAO UMB DOS CULTOS AFRO BRAS    31011810 000083
10231987175000168817800093673    00005031                     000050310000000000000109                     I015031      31011800000000035003410000017N261217050900000000000103101180000000000000000000000000000000000000000100073772372791ROBERTO SOARES DE PAIVA                 RUA ROBERTO CABRAL, 247                 JUREMA - GUA23035384GUARATIBA      RJUNIAO UMB DOS CULTOS AFRO BRAS    31011810 000084
10231987175000168817800093673    00005030                     000050300000000000000109                     I015030      31011800000000035003410000017N261217050900000000000103101180000000000000000000000000000000000000000100005552174771COSME DIAS DA SILVA                     TRAVESSA JOSELINA DE ANDRADE N 43       PORTO NOVO -24435811SAO GONCALO    RJUNIAO UMB DOS CULTOS AFRO BRAS    31011810 000085
10231987175000168817800093673    00005029                     000050290000000000000109                     I015029      31011800000000035003410000017N261217050900000000000103101180000000000000000000000000000000000000000100013222460760VITOR NERY DO AMARAL                    RUA MARIA PARIS, 342                    PAIOL - NILO26545600NILOPOLIS      RJUNIAO UMB DOS CULTOS AFRO BRAS    31011810 000086
10231987175000168817800093673    00005028                     000050280000000000000109                     I015028      31011800000000035003410000017N261217050900000000000103101180000000000000000000000000000000000000000100064262839753MARIA JOSE SOUZA DOS SANTOS             RUA JOSE LIMA DA SILVA, 29              MARIA - BELF26185610BELFORD ROXO   RJUNIAO UMB DOS CULTOS AFRO BRAS    31011810 000087
10231987175000168817800093673    00005027                     000050270000000000000109                     I015027      31011800000000035003410000017N261217050900000000000103101180000000000000000000000000000000000000000100086374370791IVETE SILVA GOMES                       RUA SEIS LOTE 329                       GEBARA - ITA24867416NITEROI        RJUNIAO UMB DOS CULTOS AFRO BRAS    31011810 000088
10231987175000168817800093673    00005026                     000050260000000000000109                     I015026      31011800000000035003410000017N261217050900000000000103101180000000000000000000000000000000000000000100014474105729BIANCA OHANNA MOURA DE CARVALH          RUA AMAZONAS N 71                       PAULICEIA - 25080055DUQUE DE CAXIASRJUNIAO UMB DOS CULTOS AFRO BRAS    31011810 000089
10231987175000168817800093673    00005025                     000050250000000000000109                     I015025      31011800000000035003410000017N261217050900000000000103101180000000000000000000000000000000000000000100007929176770SANSIA MARIA SOBRINHO                   RUA TURMALINA QUADRA 149 LOTE 6         NOVO JARDIM 24175670SAO GONCALO    RJUNIAO UMB DOS CULTOS AFRO BRAS    31011810 000090
10231987175000168817800093673    00001091                     000010910000000000000109                     I011091      20121700000000340003410000017N241017050900000000000102012170000000000000000000000000000000000000000100098726170744IRACEMA COSTA PINTO DA SILVA            RUA JOAO PESSOA, 1829                   CENTRO - NIL26520020NILOPOLIS      RJUNIAO UMB DOS CULTOS AFRO BRAS    20121710 000091
10231987175000168817800093673    0000712                      000007120000000000000109                     I01712       20121700000000340003410000017N171017050900000000000102012170000000000000000000000000000000000000000100031296130220VANDIR FERNANDES                        RUA PARAGUACU N 117                     REALENGO - R21735170RIO DE JANEIRO RJUNIAO UMB DOS CULTOS AFRO BRAS    20121710 000092
10231987175000168817800093673    0000684                      000006840000000000000109                     I01684       20121700000000300003410000017N171017050900000000000102012170000000000000000000000000000000000000000100035498242700RAUMER FONSECA DE FARIA                 RUA JOAQUIM RODRIGUES, 4861 CASA 1      BOA VISTA - 24465735SAO GONCALO    RJUNIAO UMB DOS CULTOS AFRO BRAS    20121710 000093
10231987175000168817800093673    0000682                      000006820000000000000109                     I01682       20121700000000340003410000017N171017050900000000000102012170000000000000000000000000000000000000000100039661709734DIAMANTINA DA GLORIA OLIVEIRA           AVENIDA DUQUE DE CAXIAS, 573            PARQUE PAULI25070070DUQUE DE CAXIASRJUNIAO UMB DOS CULTOS AFRO BRAS    20121710 000094
10231987175000168817800093673    0000675                      000006750000000000000109                     I01675       20121700000000340003410000017N171017050900000000000102012170000000000000000000000000000000000000000100002569588741MARIA LUIZA SILVA CRUZ                  RUA ALMEIDA REIS, 36                    CAVALCANTI -21370410RIO DE JANEIRO RJUNIAO UMB DOS CULTOS AFRO BRAS    20121710 000095
10231987175000168817800093673    0000647                      000006470000000000000109                     I01647       20121700000000340003410000017N171017050900000000000102012170000000000000000000000000000000000000000100070348197772ROSANE ANTONIO FONSECA                  RUA IMPERADOR, 86                       PARQUE FLORA26041070NOVA IGUACU    RJUNIAO UMB DOS CULTOS AFRO BRAS    20121710 000096
10231987175000168817800093673    0000118                      000001180000000000000109                     I01118       20121700000000350003410000017N101017050900000000000102012170000000000000000000000000000000000000000100001252884761MARIA DA CONCEICAO TRINDADE             RUA: JAIME DE CARVALHO Nº 295          REALENGO - R21770250RIO DE JANEIRO RJUNIAO UMB DOS CULTOS AFRO BRAS    20121710 000097
9                                                                                                                                                                                                                                                                                                                                                                                                         000098
