01REMESSA01COBRANCA       817800093673        União Umb dos Cultos Afro Bra341BANCO ITAU SA  090118                                                                                                                                                                                                                                                                                                      000001
10231987175000168817800093673    00008242                     000082420000000000000109                     I028242      28021800000000035003410000017N291217050900000000000102802180000000000000000000000000000000000000000100086450328304ANA MARIA SOUZA MACIEL                  RUA DOUTOR ANTONIO LEAL, 42             HONORIO GURG21511070RIO DE JANEIRO RJUNIAO UMB DOS CULTOS AFRO BRAS    28021810 000002
10231987175000168817800093673    00008135                     000081350000000000000109                     I028135      28021800000000035003410000017N291217050900000000000102802180000000000000000000000000000000000000000100085778351704MARIA NILZA DA SILVA                    RUA OTAVIO TARQUINO DE SOUZA, 158 E 160 TANQUE - RIO22733140RIO DE JANEIRO RJUNIAO UMB DOS CULTOS AFRO BRAS    28021810 000003
10231987175000168817800093673    00008061                     000080610000000000000109                     I028061      28021800000000035003410000017N291217050900000000000102802180000000000000000000000000000000000000000100034663240763GUARACI FRANCISCO RIBEIRO               RUA: ASTRAL Nº 63 - ROSA DOS VENTOS    NOVA IGUACU 26276070NOVA IGUACU    RJUNIAO UMB DOS CULTOS AFRO BRAS    28021810 000004
10231987175000168817800093673    00007265                     000072650000000000000109                     I027265      28021800000000035003410000017N271217050900000000000102802180000000000000000000000000000000000000000100041048237753GUARACIARA SOUZA FERNANDES              RUA BETULA                              GUADALUPE   21660110RIO DE JANEIRO RJUNIAO UMB DOS CULTOS AFRO BRAS    28021810 000005
10231987175000168817800093673    00007235                     000072350000000000000109                     I027235      28021800000000035003410000017N271217050900000000000102802180000000000000000000000000000000000000000100090617249744RAQUEL DA PAZ                           RUA ITABIBOCA LOTE 10 QUADRA 342 (ANTIGAPARADA MORAB25265188DUQUE DE CAXIASRJUNIAO UMB DOS CULTOS AFRO BRAS    28021810 000006
10231987175000168817800093673    00007234                     000072340000000000000109                     I027234      28021800000000035003410000017N271217050900000000000102802180000000000000000000000000000000000000000100055270018772MAURO RUBEM MENDONCA ELIAS              RUA D QUADRA 81 LOTE 20                 JARDIM ANHAN25262550DUQUE DE CAXIASRJUNIAO UMB DOS CULTOS AFRO BRAS    28021810 000007
10231987175000168817800093673    00007075                     000070750000000000000109                     I027075      28021800000000035003410000017N271217050900000000000102802180000000000000000000000000000000000000000100015441164468MARIA DAS GRACAS RODRIGUES DOS          RUA FAZENDA DA CONCORDIA N 146          LARGO DO MAC28770000SANTA MARIA MADRJUNIAO UMB DOS CULTOS AFRO BRAS    28021810 000008
10231987175000168817800093673    00007072                     000070720000000000000109                     I027072      28021800000000035003410000017N271217050900000000000102802180000000000000000000000000000000000000000100000005793752WANDERSON DAMASCENO CATARINO            TRAVESSA ALBERTO PITTA N 427            BARRO VERMEL24416060SAO GONCALO    RJUNIAO UMB DOS CULTOS AFRO BRAS    28021810 000009
10231987175000168817800093673    00007060                     000070600000000000000109                     I027060      28021800000000035003410000017N271217050900000000000102802180000000000000000000000000000000000000000100051990827672LUIZ CARLOS JACOVETE                    TRAVESSA OZIAS VIEIRA RAMOS N 53 - JARDIJARDIM SAO C13216445JUNDIAI        SPUNIAO UMB DOS CULTOS AFRO BRAS    28021810 000010
10231987175000168817800093673    00006959                     000069590000000000000109                     I026959      28021800000000035003410000017N271217050900000000000102802180000000000000000000000000000000000000000100002945103702LUANDA DO NASCIMENTO DO CARMO           RUA IBOTIRAMA N 23                      COLEGIO - RI21545350RIO DE JANEIRO RJUNIAO UMB DOS CULTOS AFRO BRAS    28021810 000011
10231987175000168817800093673    00006893                     000068930000000000000109                     I026893      28021800000000035003410000017N271217050900000000000102802180000000000000000000000000000000000000000100052282171772SONIA MARIA DOS SANTOS                  RUA MIDA, 13 QUADRA I                   RIACHAO - NO26084050NOVA IGUACU    RJUNIAO UMB DOS CULTOS AFRO BRAS    28021810 000012
10231987175000168817800093673    00006874                     000068740000000000000109                     I026874      28021800000000035003410000017N271217050900000000000102802180000000000000000000000000000000000000000100001621539709ISABEL DA CONCEICAO DO NASCIME          RUA POLICARPO, 272                      SANTO ELIAS 26562100RIO DE JANEIRO RJUNIAO UMB DOS CULTOS AFRO BRAS    28021810 000013
10231987175000168817800093673    00006814                     000068140000000000000109                     I026814      28021800000000035003410000017N271217050900000000000102802180000000000000000000000000000000000000000100003370392755JAIRO TEIXEIRA VIANA                    RUA BELEM, 266                          REALENGO - R21730060RIO DE JANEIRO RJUNIAO UMB DOS CULTOS AFRO BRAS    28021810 000014
10231987175000168817800093673    00006788                     000067880000000000000109                     I026788      28021800000000035003410000017N271217050900000000000102802180000000000000000000000000000000000000000100068434707772EURIDES BIZERRA DE PAIVA                AV: DAS FLORES Nº 721 - BARBUDA        MAGE - RJ   25900832NITEROI        RJUNIAO UMB DOS CULTOS AFRO BRAS    28021810 000015
10231987175000168817800093673    00006637                     000066370000000000000109                     I026637      28021800000000035003410000017N271217050900000000000102802180000000000000000000000000000000000000000100008802571724ANDRE LUIZ DUCINI SALERNO               RUA SALERNO, 64 - CONRADO               MIGUEL PEREI26920000RIO DE JANEIRO RJUNIAO UMB DOS CULTOS AFRO BRAS    28021810 000016
10231987175000168817800093673    00006606                     000066060000000000000109                     I026606      28021800000000035003410000017N271217050900000000000102802180000000000000000000000000000000000000000100067514090363ANTONIO MARTINS CHAVES                  RUA REGINA REIS  339 CASA               QUINTINO BOC20740060RIO DE JANEIRO RJUNIAO UMB DOS CULTOS AFRO BRAS    28021810 000017
10231987175000168817800093673    00006575                     000065750000000000000109                     I026575      28021800000000035003410000017N271217050900000000000102802180000000000000000000000000000000000000000100042173051768GLORIA SUELI VERISSIMO DA COST          RUA ANICETO GUIMARAES, 47               GRADIM - SAO24430320SAO GONCALO    RJUNIAO UMB DOS CULTOS AFRO BRAS    28021810 000018
10231987175000168817800093673    00006559                     000065590000000000000109                     I026559      28021800000000035003410000017N271217050900000000000102802180000000000000000000000000000000000000000100072021241734MARIA DAS GRACAS SILVA VIEIRA           RUA TURMALINA, LOTE 24 QUADRA 49 - ANTIGJD CATARINA 24715670SAO GONCALO    RJUNIAO UMB DOS CULTOS AFRO BRAS    28021810 000019
10231987175000168817800093673    00006495                     000064950000000000000109                     I026495      28021800000000035003410000017N271217050900000000000102802180000000000000000000000000000000000000000100008544039731FABIO DA SILVA CONDE                    RUA FERREIRA DE MENEZES, 137 CASA 95 APTENGENHO DA R20761250RIO DE JANEIRO RJUNIAO UMB DOS CULTOS AFRO BRAS    28021810 000020
10231987175000168817800093673    00006398                     000063980000000000000109                     I026398      28021800000000035003410000017N271217050900000000000102802180000000000000000000000000000000000000000100051091895791NEUSA MARIA FRANCISCO                   RUA CONDESSA BELMONTE, 400 APTO 112     ENGENHO NOVO20710280RIO DE JANEIRO RJUNIAO UMB DOS CULTOS AFRO BRAS    28021810 000021
10231987175000168817800093673    00006330                     000063300000000000000109                     I026330      28021800000000035003410000017N271217050900000000000102802180000000000000000000000000000000000000000100005316045785MERI CONCEICAO FRANCA MANO              RUA LOURENCO INACIO N 16                COLUMBANDE -24744610SAO GONCALO    RJUNIAO UMB DOS CULTOS AFRO BRAS    28021810 000022
10231987175000168817800093673    00006327                     000063270000000000000109                     I026327      28021800000000035003410000017N271217050900000000000102802180000000000000000000000000000000000000000100008947758710MARIA DO SOCORRO CAVALCANTI RO          RUA: RONDA ALTA                         GUARATIBA   23031320RIO DE JANEIRO RJUNIAO UMB DOS CULTOS AFRO BRAS    28021810 000023
10231987175000168817800093673    00006136                     000061360000000000000109                     I026136      28021800000000035003410000017N271217050900000000000102802180000000000000000000000000000000000000000100063412616753SANDRA MARIA PEREIRA DA SILVA           RUA DOM JOAO VI SN LOTE 18 QUADRA 26    VILAR DOS TE25561090SAO JOAO DE MERRJUNIAO UMB DOS CULTOS AFRO BRAS    28021810 000024
10231987175000168817800093673    00006081                     000060810000000000000109                     I026081      05011800000000840003410000017N271217050900000000000100501180000000000000000000000000000000000000000100002978000783FABIO PINTO MANTUANO                    LAURA MARIA PINTO MANTUANO - MAE        CARTA ANISTI24900000MARICA         RJUNIAO UMB DOS CULTOS AFRO BRAS    05011810 000025
10231987175000168817800093673    00006072                     000060720000000000000109                     I026072      31011800000000035003410000017N261217050900000000000103101180000000000000000000000000000000000000000100009409455766DANIELE MARTINS MEDEIROS DE FR          RUA D                                   BELA VISTA  23860000MANGARATIBA    RJUNIAO UMB DOS CULTOS AFRO BRAS    31011810 000026
10231987175000168817800093673    00006052                     000060520000000000000109                     I026052      31011800000000035003410000017N261217050900000000000103101180000000000000000000000000000000000000000100054428289715LOUZADA MARIA FRANCISCO SALLES          O MESMO                                 O MESMO     24855312ITABORAI       RJUNIAO UMB DOS CULTOS AFRO BRAS    31011810 000027
10231987175000168817800093673    00006027                     000060270000000000000109                     I026027      31011800000000035003410000017N261217050900000000000103101180000000000000000000000000000000000000000100043895255734LUIZ ANTONIO GUEDES ALVES               RUA ANANY CHARLES VIEIRA N 40           JARDIM GUAPI25943383GUAPIMIRIM     RJUNIAO UMB DOS CULTOS AFRO BRAS    31011810 000028
10231987175000168817800093673    00006015                     000060150000000000000109                     I026015      31011800000000035003410000017N261217050900000000000103101180000000000000000000000000000000000000000100041048237753GUARACIARA SOUZA FERNANDES              RUA BETULA                              GUADALUPE   21660110RIO DE JANEIRO RJUNIAO UMB DOS CULTOS AFRO BRAS    31011810 000029
10231987175000168817800093673    00005985                     000059850000000000000109                     I025985      31011800000000035003410000017N261217050900000000000103101180000000000000000000000000000000000000000100090617249744RAQUEL DA PAZ                           RUA ITABIBOCA LOTE 10 QUADRA 342 (ANTIGAPARADA MORAB25265188DUQUE DE CAXIASRJUNIAO UMB DOS CULTOS AFRO BRAS    31011810 000030
10231987175000168817800093673    00005984                     000059840000000000000109                     I025984      31011800000000035003410000017N261217050900000000000103101180000000000000000000000000000000000000000100055270018772MAURO RUBEM MENDONCA ELIAS              RUA D QUADRA 81 LOTE 20                 JARDIM ANHAN25262550DUQUE DE CAXIASRJUNIAO UMB DOS CULTOS AFRO BRAS    31011810 000031
10231987175000168817800093673    00005885                     000058850000000000000109                     I025885      31011800000000035003410000017N261217050900000000000103101180000000000000000000000000000000000000000100048672068734NOEMIA CONCEICAO DE SOUZA               ESTRADA DO CAMORIM N 926 CASA 7 FRENTE -JACAREPAGUA 22780070RIO DE JANEIRO RJUNIAO UMB DOS CULTOS AFRO BRAS    31011810 000032
10231987175000168817800093673    00005845                     000058450000000000000109                     I025845      31011800000000035003410000017N261217050900000000000103101180000000000000000000000000000000000000000100002362714748MAGLENE GOMES ARAUJO                    RUA TENENTE PINTO DUARTE N 36           BENTO RIBEIR21550370RIO DE JANEIRO RJUNIAO UMB DOS CULTOS AFRO BRAS    31011810 000033
10231987175000168817800093673    00005825                     000058250000000000000109                     I025825      31011800000000035003410000017N261217050900000000000103101180000000000000000000000000000000000000000100015441164468MARIA DAS GRACAS RODRIGUES DOS          RUA FAZENDA DA CONCORDIA N 146          LARGO DO MAC28770000SANTA MARIA MADRJUNIAO UMB DOS CULTOS AFRO BRAS    31011810 000034
10231987175000168817800093673    00005822                     000058220000000000000109                     I025822      31011800000000035003410000017N261217050900000000000103101180000000000000000000000000000000000000000100000005793752WANDERSON DAMASCENO CATARINO            TRAVESSA ALBERTO PITTA N 427            BARRO VERMEL24416060SAO GONCALO    RJUNIAO UMB DOS CULTOS AFRO BRAS    31011810 000035
10231987175000168817800093673    00005810                     000058100000000000000109                     I025810      31011800000000035003410000017N261217050900000000000103101180000000000000000000000000000000000000000100051990827672LUIZ CARLOS JACOVETE                    TRAVESSA OZIAS VIEIRA RAMOS N 53 - JARDIJARDIM SAO C13216445JUNDIAI        SPUNIAO UMB DOS CULTOS AFRO BRAS    31011810 000036
10231987175000168817800093673    00005804                     000058040000000000000109                     I025804      31011800000000035003410000017N261217050900000000000103101180000000000000000000000000000000000000000100093130864768SOLANGE GERMANO DA COSTA                RUA URUCUIA N 689 CASA 1                VILA VALQUEI21321310RIO DE JANEIRO RJUNIAO UMB DOS CULTOS AFRO BRAS    31011810 000037
10231987175000168817800093673    00005709                     000057090000000000000109                     I025709      31011800000000035003410000017N261217050900000000000103101180000000000000000000000000000000000000000100002945103702LUANDA DO NASCIMENTO DO CARMO           RUA IBOTIRAMA N 23                      COLEGIO - RI21545350RIO DE JANEIRO RJUNIAO UMB DOS CULTOS AFRO BRAS    31011810 000038
10231987175000168817800093673    00005624                     000056240000000000000109                     I025624      31011800000000035003410000017N261217050900000000000103101180000000000000000000000000000000000000000100001621539709ISABEL DA CONCEICAO DO NASCIME          RUA POLICARPO, 272                      SANTO ELIAS 26562100RIO DE JANEIRO RJUNIAO UMB DOS CULTOS AFRO BRAS    31011810 000039
10231987175000168817800093673    00005564                     000055640000000000000109                     I025564      31011800000000035003410000017N261217050900000000000103101180000000000000000000000000000000000000000100003370392755JAIRO TEIXEIRA VIANA                    RUA BELEM, 266                          REALENGO - R21730060RIO DE JANEIRO RJUNIAO UMB DOS CULTOS AFRO BRAS    31011810 000040
10231987175000168817800093673    00005538                     000055380000000000000109                     I025538      31011800000000035003410000017N261217050900000000000103101180000000000000000000000000000000000000000100068434707772EURIDES BIZERRA DE PAIVA                AV: DAS FLORES Nº 721 - BARBUDA        MAGE - RJ   25900832NITEROI        RJUNIAO UMB DOS CULTOS AFRO BRAS    31011810 000041
10231987175000168817800093673    00005401                     000054010000000000000109                     I345401      31011800000000035003410000017N261217050900000000000103101180000000000000000000000000000000000000000100001143711726MARLENE GOMES CAETANO AUGUSTO           RUA JOAQUIM CAETANO, 141                JARDIM ALVOR26261350NOVA IGUACU    RJUNIAO UMB DOS CULTOS AFRO BRAS    31011810 000042
10231987175000168817800093673    00005387                     000053870000000000000109                     I025387      31011800000000035003410000017N261217050900000000000103101180000000000000000000000000000000000000000100008802571724ANDRE LUIZ DUCINI SALERNO               RUA SALERNO, 64 - CONRADO               MIGUEL PEREI26920000RIO DE JANEIRO RJUNIAO UMB DOS CULTOS AFRO BRAS    31011810 000043
10231987175000168817800093673    00005356                     000053560000000000000109                     I025356      31011800000000035003410000017N261217050900000000000103101180000000000000000000000000000000000000000100067514090363ANTONIO MARTINS CHAVES                  RUA REGINA REIS  339 CASA               QUINTINO BOC20740060RIO DE JANEIRO RJUNIAO UMB DOS CULTOS AFRO BRAS    31011810 000044
10231987175000168817800093673    00005325                     000053250000000000000109                     I025325      31011800000000035003410000017N261217050900000000000103101180000000000000000000000000000000000000000100042173051768GLORIA SUELI VERISSIMO DA COST          RUA ANICETO GUIMARAES, 47               GRADIM - SAO24430320SAO GONCALO    RJUNIAO UMB DOS CULTOS AFRO BRAS    31011810 000045
10231987175000168817800093673    00005309                     000053090000000000000109                     I025309      31011800000000035003410000017N261217050900000000000103101180000000000000000000000000000000000000000100072021241734MARIA DAS GRACAS SILVA VIEIRA           RUA TURMALINA, LOTE 24 QUADRA 49 - ANTIGJD CATARINA 24715670SAO GONCALO    RJUNIAO UMB DOS CULTOS AFRO BRAS    31011810 000046
10231987175000168817800093673    00005256                     000052560000000000000109                     I025256      31011800000000035003410000017N261217050900000000000103101180000000000000000000000000000000000000000100002175979717CLAUDIA PILAR PERES SANTOS DE           RUA JOAO MACIEIRA N 20                  MADUREIRA - 21310090RIO DE JANEIRO RJUNIAO UMB DOS CULTOS AFRO BRAS    31011810 000047
10231987175000168817800093673    00005245                     000052450000000000000109                     I025245      31011800000000035003410000017N261217050900000000000103101180000000000000000000000000000000000000000100008544039731FABIO DA SILVA CONDE                    RUA FERREIRA DE MENEZES, 137 CASA 95 APTENGENHO DA R20761250RIO DE JANEIRO RJUNIAO UMB DOS CULTOS AFRO BRAS    31011810 000048
10231987175000168817800093673    00005148                     000051480000000000000109                     I025148      31011800000000035003410000017N261217050900000000000103101180000000000000000000000000000000000000000100051091895791NEUSA MARIA FRANCISCO                   RUA CONDESSA BELMONTE, 400 APTO 112     ENGENHO NOVO20710280RIO DE JANEIRO RJUNIAO UMB DOS CULTOS AFRO BRAS    31011810 000049
10231987175000168817800093673    00005080                     000050800000000000000109                     I025080      31011800000000035003410000017N261217050900000000000103101180000000000000000000000000000000000000000100005316045785MERI CONCEICAO FRANCA MANO              RUA LOURENCO INACIO N 16                COLUMBANDE -24744610SAO GONCALO    RJUNIAO UMB DOS CULTOS AFRO BRAS    31011810 000050
10231987175000168817800093673    00005077                     000050770000000000000109                     I025077      31011800000000035003410000017N261217050900000000000103101180000000000000000000000000000000000000000100008947758710MARIA DO SOCORRO CAVALCANTI RO          RUA: RONDA ALTA                         GUARATIBA   23031320RIO DE JANEIRO RJUNIAO UMB DOS CULTOS AFRO BRAS    31011810 000051
10231987175000168817800093673    0000829                      000008290000000000000109                     I02829       20121700000000340003410000017N171017050900000000000102012170000000000000000000000000000000000000000100085778351704MARIA NILZA DA SILVA                    RUA OTAVIO TARQUINO DE SOUZA, 158 E 160 TANQUE - RIO22733140RIO DE JANEIRO RJUNIAO UMB DOS CULTOS AFRO BRAS    20121710 000052
10231987175000168817800093673    0000435                      000004350000000000000109                     I34435       20121700000000340003410000017N101017050900000000000102012170000000000000000000000000000000000000000100091102782734ANGELIA PEREIRA ALVIM DE FARIA          RUA QUARENTA E TRES, CASA 301 LOTE 6 QUABRAS DE PINA21012407RIO DE JANEIRO RJUNIAO UMB DOS CULTOS AFRO BRAS    20121710 000053
9                                                                                                                                                                                                                                                                                                                                                                                                         000054
