01REMESSA01COBRANCA       916200163100        União Umb dos Cultos Afro Bra341BANCO ITAU SA  020819                                                                                                                                                                                                                                                                                                      000001
10231987175000168916200163100    000050365                    000503650000000000000109                     I0150365     10091900000000200003410000017N020819105700000000000661009190000000000000000000000000000000000000000100003311828747ANDRE LUIZ BRAGA DE BRITO               TRAVESSA MARIA CANDIDAN 156,            MUTONDO     24450690SAO GONCALO    RJUNIAO UMB DOS CULTOS AFRO BRAS    10091915 000002
21100920190000000000400                                                                                                                                                                                                                                                                                                                                                                                   000003
10231987175000168916200163100    000050364                    000503640000000000000109                     I0150364     10091900000000200003410000017N020819105700000000000661009190000000000000000000000000000000000000000100019162854810MARCIO HENRIQUE MORAES                  RUA GENERAL OSORION 588,                BOA VISTA   13486113LIMEIRA        SPUNIAO UMB DOS CULTOS AFRO BRAS    10091915 000004
21100920190000000000400                                                                                                                                                                                                                                                                                                                                                                                   000005
10231987175000168916200163100    000050361                    000503610000000000000109                     I0150361     10091900000000200003410000017N020819105700000000000661009190000000000000000000000000000000000000000100037182340763ADALBERTO TEIXEIRA                      AVENIDA: MENEZES CORTES KM 3 N 0, SITIO ENGENHO NOVO20715191RIO DE JANEIRO RJUNIAO UMB DOS CULTOS AFRO BRAS    10091915 000006
21100920190000000000400                                                                                                                                                                                                                                                                                                                                                                                   000007
10231987175000168916200163100    000050360                    000503600000000000000109                     I0150360     10091900000000200003410000017N020819105700000000000661009190000000000000000000000000000000000000000100005386910779OSVALDO GIUSEPPE NETO                   RUA AGUINALDO ROCHAN 0, LOTE 8 QUADRA 3 SENADOR CAMA21832120RIO DE JANEIRO RJUNIAO UMB DOS CULTOS AFRO BRAS    10091915 000008
21100920190000000000400                                                                                                                                                                                                                                                                                                                                                                                   000009
10231987175000168916200163100    000050357                    000503570000000000000109                     I0150357     10091900000000200003410000017N020819105700000000000661009190000000000000000000000000000000000000000100016301099753CLOVIS LINS DE CARVALHO                 RUA: CONCEICAO DO CANINDE N 1, CASA 2 QUGUARATIBA   23031120RIO DE JANEIRO RJUNIAO UMB DOS CULTOS AFRO BRAS    10091915 000010
21100920190000000000400                                                                                                                                                                                                                                                                                                                                                                                   000011
10231987175000168916200163100    000050356                    000503560000000000000109                     I0150356     10091900000000200003410000017N020819105700000000000661009190000000000000000000000000000000000000000100028435727890ARMANDO DOS SANTOS JUNIOR               RUA: GINO ROMITI N 56,                  ITAQUERA    08255440SAO PAULO      SPUNIAO UMB DOS CULTOS AFRO BRAS    10091915 000012
21100920190000000000400                                                                                                                                                                                                                                                                                                                                                                                   000013
10231987175000168916200163100    000050355                    000503550000000000000109                     I0150355     10091900000000200003410000017N020819105700000000000661009190000000000000000000000000000000000000000100000242843786DENISE GONCALVES WANDERDELY             RUA JUTAIN 74,                          PIEDADE     20751270RIO DE JANEIRO RJUNIAO UMB DOS CULTOS AFRO BRAS    10091915 000014
21100920190000000000400                                                                                                                                                                                                                                                                                                                                                                                   000015
10231987175000168916200163100    000050354                    000503540000000000000109                     I0150354     10091900000000200003410000017N020819105700000000000661009190000000000000000000000000000000000000000100081179430778ROSILANE DOS SANTOS E SILVA             RUA: MARIA DAS DORES N 126,             EDEM        25530000SAO JOAO DE MERRJUNIAO UMB DOS CULTOS AFRO BRAS    10091915 000016
21100920190000000000400                                                                                                                                                                                                                                                                                                                                                                                   000017
10231987175000168916200163100    000050352                    000503520000000000000109                     I0150352     10091900000000200003410000017N020819105700000000000661009190000000000000000000000000000000000000000100011008623741BRUNO CAENA NUNES                       RUA FATIMA CRISTINAN 170,               ROSA DOS VEN26278525NOVA IGUACU    RJUNIAO UMB DOS CULTOS AFRO BRAS    10091915 000018
21100920190000000000400                                                                                                                                                                                                                                                                                                                                                                                   000019
10231987175000168916200163100    000050351                    000503510000000000000109                     I0150351     10091900000000200003410000017N020819105700000000000661009190000000000000000000000000000000000000000100000531318273LUIZ GOMES DE JESUS                     RUA: NOSSA SENHORA APARECIDA N 880,     LIBERDADE   68633000DOM ELIZEU     PAUNIAO UMB DOS CULTOS AFRO BRAS    10091915 000020
21100920190000000000400                                                                                                                                                                                                                                                                                                                                                                                   000021
10231987175000168916200163100    000050350                    000503500000000000000109                     I0150350     10091900000000200003410000017N020819105700000000000661009190000000000000000000000000000000000000000100033700338368RAIMUNDO NONATO DE JESUS SOUSA          RUA: SETE DE SETEMBRON 61,              ESPLANADA   68633000DOM ELIZEU     PAUNIAO UMB DOS CULTOS AFRO BRAS    10091915 000022
21100920190000000000400                                                                                                                                                                                                                                                                                                                                                                                   000023
10231987175000168916200163100    000050349                    000503490000000000000109                     I0150349     10091900000000200003410000017N020819105700000000000661009190000000000000000000000000000000000000000100089188101568JOAHBSON BORGES DA SILVA                ENDERECO: QR 421 N 0, CONJUNTO 6 CASA 23SAMAMBAIA   72325100SAMAMBAIA      DFUNIAO UMB DOS CULTOS AFRO BRAS    10091915 000024
21100920190000000000400                                                                                                                                                                                                                                                                                                                                                                                   000025
10231987175000168916200163100    000050348                    000503480000000000000109                     I0150348     10091900000000200003410000017N020819105700000000000661009190000000000000000000000000000000000000000100066007046753VANIA LUCIA MONTEIRO DOS SANTO          RUA ARACATUBAN 153,  APTº 201          COELHO NETO 21510390RIO DE JANEIRO RJUNIAO UMB DOS CULTOS AFRO BRAS    10091915 000026
21100920190000000000400                                                                                                                                                                                                                                                                                                                                                                                   000027
10231987175000168916200163100    000050345                    000503450000000000000109                     I0150345     10091900000000200003410000017N020819105700000000000661009190000000000000000000000000000000000000000100003550783760CRISTIANE DE CASTRO GUEDES COU          RUA OITENTA E NOVEN 0, LOTE 14          IPIRANGA (GU25927204MAGE           RJUNIAO UMB DOS CULTOS AFRO BRAS    10091915 000028
21100920190000000000400                                                                                                                                                                                                                                                                                                                                                                                   000029
10231987175000168916200163100    000050344                    000503440000000000000109                     I0150344     10091900000000200003410000017N020819105700000000000661009190000000000000000000000000000000000000000100085451444749AURIETE DA SILVA                        RUA: GUILHERMINA DE ARAUJO N 26,        SEROPEDICA  23890000RIO DE JANEIRO RJUNIAO UMB DOS CULTOS AFRO BRAS    10091915 000030
21100920190000000000400                                                                                                                                                                                                                                                                                                                                                                                   000031
10231987175000168916200163100    000050343                    000503430000000000000109                     I0150343     10091900000000200003410000017N020819105700000000000661009190000000000000000000000000000000000000000100010493656740DANIEL PERUSSI DEGLE ESPOSTE            RUA JACUPEMAN 57,                       OLARIA      21071140RIO DE JANEIRO RJUNIAO UMB DOS CULTOS AFRO BRAS    10091915 000032
21100920190000000000400                                                                                                                                                                                                                                                                                                                                                                                   000033
10231987175000168916200163100    000050342                    000503420000000000000109                     I0150342     10091900000000200003410000017N020819105700000000000661009190000000000000000000000000000000000000000100001326108760EVALDO GOMES DOS PRAZERES               RUA ALBERTO BRIGAGAON 64,               CHATUBA     26585340MESQUITA       RJUNIAO UMB DOS CULTOS AFRO BRAS    10091915 000034
21100920190000000000400                                                                                                                                                                                                                                                                                                                                                                                   000035
10231987175000168916200163100    000050341                    000503410000000000000109                     I0150341     10091900000000200003410000017N020819105700000000000661009190000000000000000000000000000000000000000100000677055706VALTER VIEIRA DA SILVA                  RUA: D N 0, LOTE 5 QUADRA 7             AMAPA       25236360DUQUE DE CAXIASRJUNIAO UMB DOS CULTOS AFRO BRAS    10091915 000036
21100920190000000000400                                                                                                                                                                                                                                                                                                                                                                                   000037
10231987175000168916200163100    000050338                    000503380000000000000109                     I0150338     10091900000000200003410000017N020819105700000000000661009190000000000000000000000000000000000000000100007980533720JAQUELINE RIJO DA SILVA                 RUA: APEIBA N 158, CASA A               ROCHA MIRAND21540660RIO DE JANEIRO RJUNIAO UMB DOS CULTOS AFRO BRAS    10091915 000038
21100920190000000000400                                                                                                                                                                                                                                                                                                                                                                                   000039
10231987175000168916200163100    000050335                    000503350000000000000109                     I0150335     10091900000000200003410000017N020819105700000000000661009190000000000000000000000000000000000000000100010088974774ALESSANDRA FEITOSA DOS SANTOS           RUA QUEBECN 127,                        ANCHIETA    21625370RIO DE JANEIRO RJUNIAO UMB DOS CULTOS AFRO BRAS    10091915 000040
21100920190000000000400                                                                                                                                                                                                                                                                                                                                                                                   000041
10231987175000168916200163100    000050334                    000503340000000000000109                     I0150334     10091900000000200003410000017N020819105700000000000661009190000000000000000000000000000000000000000100037561690819SABRINA AMARAL DE ALMEIDA               RUA ALICE DOS SANTOS PEIXEN 192,  CASA 3JARDIM SELMA04431140SAO PAULO      SPUNIAO UMB DOS CULTOS AFRO BRAS    10091915 000042
21100920190000000000400                                                                                                                                                                                                                                                                                                                                                                                   000043
10231987175000168916200163100    000050332                    000503320000000000000109                     I0150332     10091900000000200003410000017N020819105700000000000661009190000000000000000000000000000000000000000100001408685000VALIR PEREIRA FERREIRA                  RUA: IRMAOS TIMBA UVA N 216,            ALEGRETE    97546290RIO GRANDE DO SRSUNIAO UMB DOS CULTOS AFRO BRAS    10091915 000044
21100920190000000000400                                                                                                                                                                                                                                                                                                                                                                                   000045
10231987175000168916200163100    000050331                    000503310000000000000109                     I0150331     10091900000000200003410000017N020819105700000000000661009190000000000000000000000000000000000000000100007013885878FABIO RICARDO VICENTINI                 RUA: SETE DE SETEMBRO N 100, APT 215    V. ATLANTICA11730000MONGAGUA       SPUNIAO UMB DOS CULTOS AFRO BRAS    10091915 000046
21100920190000000000400                                                                                                                                                                                                                                                                                                                                                                                   000047
10231987175000168916200163100    000050330                    000503300000000000000109                     I0150330     10091900000000200003410000017N020819105700000000000661009190000000000000000000000000000000000000000100082218560704SONIA REGINA FELICIANO MAGALHA          RUA: EDGARD BARBOSA N 368, CASA 1       ANCHIETA    21645190RIO DE JANEIRO RJUNIAO UMB DOS CULTOS AFRO BRAS    10091915 000048
21100920190000000000400                                                                                                                                                                                                                                                                                                                                                                                   000049
10231987175000168916200163100    000050329                    000503290000000000000109                     I0150329     10091900000000200003410000017N020819105700000000000661009190000000000000000000000000000000000000000100002247248780ENIO BRASIL RIBEIRO                     ESTRADA VEREADOR BENEDITO ADELINON 4159,VILA VELHA  23909300ANGRA DOS REIS RJUNIAO UMB DOS CULTOS AFRO BRAS    10091915 000050
21100920190000000000400                                                                                                                                                                                                                                                                                                                                                                                   000051
10231987175000168916200163100    000050328                    000503280000000000000109                     I0150328     10091900000000200003410000017N020819105700000000000661009190000000000000000000000000000000000000000100080974244015RAFAEL CARBONEL DE SOUZA                SERVIDAO CAMINHO DAS DUNASN 94,         INGLESES DO 88058440FLORIANOPOLIS  SCUNIAO UMB DOS CULTOS AFRO BRAS    10091915 000052
21100920190000000000400                                                                                                                                                                                                                                                                                                                                                                                   000053
10231987175000168916200163100    000050326                    000503260000000000000109                     I0150326     10091900000000200003410000017N020819105700000000000661009190000000000000000000000000000000000000000100095478469653KATIA CILENE PEREIRA DOS ANJOS          RUA SANTA TEREZINHAN 385,               NOSSA SENHOR32015600CONTAGEM       MGUNIAO UMB DOS CULTOS AFRO BRAS    10091915 000054
21100920190000000000400                                                                                                                                                                                                                                                                                                                                                                                   000055
10231987175000168916200163100    000050325                    000503250000000000000109                     I0150325     10091900000000200003410000017N020819105700000000000661009190000000000000000000000000000000000000000100011913130770RODRIGO GUEDES DOS SANTOS               RUA: JOAO PRESSEL (ANTIGA 4)N 0, LOTE 9 JARDIM ATLAN24993548MARICA         RJUNIAO UMB DOS CULTOS AFRO BRAS    10091915 000056
21100920190000000000400                                                                                                                                                                                                                                                                                                                                                                                   000057
10231987175000168916200163100    000050324                    000503240000000000000109                     I0150324     10091900000000200003410000017N020819105700000000000661009190000000000000000000000000000000000000000100004414561701SONIA GOMES DE FREITAS                  RUA SEBASTIAO ROSAN 142,                COMENDADOR S26280670NOVA IGUACU    RJUNIAO UMB DOS CULTOS AFRO BRAS    10091915 000058
21100920190000000000400                                                                                                                                                                                                                                                                                                                                                                                   000059
10231987175000168916200163100    000050323                    000503230000000000000109                     I0150323     10091900000000200003410000017N020819105700000000000661009190000000000000000000000000000000000000000100005671610648MARIANE DA MOTA PACHECO                 RUA JOAO PINHEIRON 278,                 SANTA TEREZA36201128BARBACENA      MGUNIAO UMB DOS CULTOS AFRO BRAS    10091915 000060
21100920190000000000400                                                                                                                                                                                                                                                                                                                                                                                   000061
10231987175000168916200163100    000050322                    000503220000000000000109                     I0150322     10091900000000200003410000017N020819105700000000000661009190000000000000000000000000000000000000000100003859188798ELIZABETH LOPES VALENTINO               AVENIDA NAZARENON 326,                  JARDIM NAZAR25936280MAGE           RJUNIAO UMB DOS CULTOS AFRO BRAS    10091915 000062
21100920190000000000400                                                                                                                                                                                                                                                                                                                                                                                   000063
10231987175000168916200163100    000050319                    000503190000000000000109                     I0150319     10091900000000200003410000017N020819105700000000000661009190000000000000000000000000000000000000000100051111314420MARIA JOSE PEREIRA DA SILVA             ESTRADA SAO JOAO DE FORAN 0, LOTE 16 QUASANTA TEREZA26193545BELFORD ROXO   RJUNIAO UMB DOS CULTOS AFRO BRAS    10091915 000064
21100920190000000000400                                                                                                                                                                                                                                                                                                                                                                                   000065
10231987175000168916200163100    000050318                    000503180000000000000109                     I0150318     10091900000000200003410000017N020819105700000000000661009190000000000000000000000000000000000000000100008653822712ALEXANDRE DA SILVA                      RUA: SENADOR NEREU RAMOS N 2,           NOSSA SENHOR25040530DUQUE DE CAXIASRJUNIAO UMB DOS CULTOS AFRO BRAS    10091915 000066
21100920190000000000400                                                                                                                                                                                                                                                                                                                                                                                   000067
10231987175000168916200163100    000050317                    000503170000000000000109                     I0150317     10091900000000200003410000017N020819105700000000000661009190000000000000000000000000000000000000000100091987873734HELOISA HELENA CRISPIM MOREIRA          RUA CAMPON 145,                         JARDIM MARAM26062075NOVA IGUACU    RJUNIAO UMB DOS CULTOS AFRO BRAS    10091915 000068
21100920190000000000400                                                                                                                                                                                                                                                                                                                                                                                   000069
10231987175000168916200163100    000050316                    000503160000000000000109                     I0150316     10091900000000200003410000017N020819105700000000000661009190000000000000000000000000000000000000000100003990468952RENATA DO PRADO DOLBERTH                AVENIDA DR. LEOBERTO LEALN 49,          BOM JESUS   89520000CURITIBANOS    SCUNIAO UMB DOS CULTOS AFRO BRAS    10091915 000070
21100920190000000000400                                                                                                                                                                                                                                                                                                                                                                                   000071
10231987175000168916200163100    000050315                    000503150000000000000109                     I0150315     10091900000000200003410000017N020819105700000000000661009190000000000000000000000000000000000000000100022933734877DIOGO RODRIGUES XAVIER                  RUA LAZARO ONOFRE DA SILVAN 226,        JARDIM SAO L13481272LIMEIRA        SPUNIAO UMB DOS CULTOS AFRO BRAS    10091915 000072
21100920190000000000400                                                                                                                                                                                                                                                                                                                                                                                   000073
10231987175000168916200163100    000050314                    000503140000000000000109                     I0150314     10091900000000200003410000017N020819105700000000000661009190000000000000000000000000000000000000000100078711061715LUIZVAN SILVA COSTA                     ESTRADA DO BARRO VERMELHON 1665,  APTº COLEGIO     21540501RIO DE JANEIRO RJUNIAO UMB DOS CULTOS AFRO BRAS    10091915 000074
21100920190000000000400                                                                                                                                                                                                                                                                                                                                                                                   000075
10231987175000168916200163100    000050313                    000503130000000000000109                     I0150313     10091900000000200003410000017N020819105700000000000661009190000000000000000000000000000000000000000100000844456454GUSTAVO HENRIQUE VILA NOVA DA           RUA FRANCISCO HENRIQUESN 15, CASA B     JARDIM SANTA05171350SAO PAULO      SPUNIAO UMB DOS CULTOS AFRO BRAS    10091915 000076
21100920190000000000400                                                                                                                                                                                                                                                                                                                                                                                   000077
10231987175000168916200163100    000050312                    000503120000000000000109                     I0150312     10091900000000200003410000017N020819105700000000000661009190000000000000000000000000000000000000000100090912705191VANDA APARECIDA ALVARENGA               RUA DAS AVENCASN 0, QUADRA 44 LOTE 5  - SETOR SONIA 77060692PALMAS         TOUNIAO UMB DOS CULTOS AFRO BRAS    10091915 000078
21100920190000000000400                                                                                                                                                                                                                                                                                                                                                                                   000079
10231987175000168916200163100    000050311                    000503110000000000000109                     I0150311     10091900000000200003410000017N020819105700000000000661009190000000000000000000000000000000000000000100083415106772ELAINE DIAS PEREIRA                     RUA TIETEN 225,                         JARDIM SANTA26050700NOVA IGUACU    RJUNIAO UMB DOS CULTOS AFRO BRAS    10091915 000080
21100920190000000000400                                                                                                                                                                                                                                                                                                                                                                                   000081
10231987175000168916200163100    000050310                    000503100000000000000109                     I0150310     10091900000000200003410000017N020819105700000000000661009190000000000000000000000000000000000000000100074731459753ALCENIR FERREIRA DE ALENCAR BR          RUA COTIPORAN 3, QUADRA 53 CASA 2 FUNDOSCOSMOS      23068045RIO DE JANEIRO RJUNIAO UMB DOS CULTOS AFRO BRAS    10091915 000082
21100920190000000000400                                                                                                                                                                                                                                                                                                                                                                                   000083
10231987175000168916200163100    000050308                    000503080000000000000109                     I0150308     10091900000000200003410000017N020819105700000000000661009190000000000000000000000000000000000000000100001233267701JEANE DA SILVA SANTOS                   RUA ALBERTO RIBEIRON 0, CASA 7          JARDIM BOTAN22460250RIO DE JANEIRO RJUNIAO UMB DOS CULTOS AFRO BRAS    10091915 000084
21100920190000000000400                                                                                                                                                                                                                                                                                                                                                                                   000085
10231987175000168916200163100    000050306                    000503060000000000000109                     I0150306     10091900000000200003410000017N020819105700000000000661009190000000000000000000000000000000000000000100071048065049ROSELI DA TRINDADE MENTGES              RUA IPANEMAN 120,                       VILA VISTA A94945270CACHOEIRINHA   RSUNIAO UMB DOS CULTOS AFRO BRAS    10091915 000086
21100920190000000000400                                                                                                                                                                                                                                                                                                                                                                                   000087
10231987175000168916200163100    000050304                    000503040000000000000109                     I0150304     10091900000000200003410000017N020819105700000000000661009190000000000000000000000000000000000000000100091858089549ADAILTON MATOS DOS SANTOS               RUA: SALOME N 32, E                     PARIPE      40810170SALVADOR       BAUNIAO UMB DOS CULTOS AFRO BRAS    10091915 000088
21100920190000000000400                                                                                                                                                                                                                                                                                                                                                                                   000089
10231987175000168916200163100    000050303                    000503030000000000000109                     I0150303     10091900000000200003410000017N020819105700000000000661009190000000000000000000000000000000000000000100001369569718FLAVIO TEIXEIRA GOMES DA SILVA          RUA DO SOUTON 124,                      CASCADURA   21311270RIO DE JANEIRO RJUNIAO UMB DOS CULTOS AFRO BRAS    10091915 000090
21100920190000000000400                                                                                                                                                                                                                                                                                                                                                                                   000091
10231987175000168916200163100    000050301                    000503010000000000000109                     I0150301     10091900000000200003410000017N020819105700000000000661009190000000000000000000000000000000000000000100052072274753CATIA DA SILVA ROSA                     RUA: HENRIQUE FERREIRA N 592, FUNDOS    BENTO RIBEIR21550290RIO DE JANEIRO RJUNIAO UMB DOS CULTOS AFRO BRAS    10091915 000092
21100920190000000000400                                                                                                                                                                                                                                                                                                                                                                                   000093
10231987175000168916200163100    000050300                    000503000000000000000109                     I0150300     10091900000000200003410000017N020819105700000000000661009190000000000000000000000000000000000000000100005386243705CHRISTIANE BORRET                       RUA JAMIL DAGLIN 43, CASA 4             SEPETIBA    23535340RIO DE JANEIRO RJUNIAO UMB DOS CULTOS AFRO BRAS    10091915 000094
21100920190000000000400                                                                                                                                                                                                                                                                                                                                                                                   000095
10231987175000168916200163100    000050299                    000502990000000000000109                     I0150299     10091900000000200003410000017N020819105700000000000661009190000000000000000000000000000000000000000100003005665577RAFAEL BAHIA (CENTRO ESPIRITA)          RUA: DESEMBARGADOR MANOEL PEREIRA N 0,  COSTA AZUL  41760150SALVADOR       BAUNIAO UMB DOS CULTOS AFRO BRAS    10091915 000096
21100920190000000000400                                                                                                                                                                                                                                                                                                                                                                                   000097
10231987175000168916200163100    000050298                    000502980000000000000109                     I0150298     10091900000000200003410000017N020819105700000000000661009190000000000000000000000000000000000000000100008875280746ROBSON CABRAL DE ARRUDA JUNIOR          RUA: BRANDAO MONTEIRON 18,              ENGENHEIRO R26041245NOVA IGUACU    RJUNIAO UMB DOS CULTOS AFRO BRAS    10091915 000098
21100920190000000000400                                                                                                                                                                                                                                                                                                                                                                                   000099
10231987175000168916200163100    000050297                    000502970000000000000109                     I0150297     10091900000000200003410000017N020819105700000000000661009190000000000000000000000000000000000000000100044008902791MARIO DA FONSECA FILHO                  RUA: LINO DE MORAISN 301,               REALENGO    21730290RIO DE JANEIRO RJUNIAO UMB DOS CULTOS AFRO BRAS    10091915 000100
21100920190000000000400                                                                                                                                                                                                                                                                                                                                                                                   000101
10231987175000168916200163100    000050296                    000502960000000000000109                     I0150296     10091900000000200003410000017N020819105700000000000661009190000000000000000000000000000000000000000100013695097825CINTIA MESQUITA                         RUA: CEARA N 193,                       VILA FATIMA 16300000PENAPOLIS      SPUNIAO UMB DOS CULTOS AFRO BRAS    10091915 000102
21100920190000000000400                                                                                                                                                                                                                                                                                                                                                                                   000103
10231987175000168916200163100    000050295                    000502950000000000000109                     I0150295     10091900000000200003410000017N020819105700000000000661009190000000000000000000000000000000000000000100081423675720MARIA DAS GRACAS SOUZA LEAL             RUA: SERVIDAO N 48,                     PRAIA DE MAU25930000MAGE           RJUNIAO UMB DOS CULTOS AFRO BRAS    10091915 000104
21100920190000000000400                                                                                                                                                                                                                                                                                                                                                                                   000105
10231987175000168916200163100    000050294                    000502940000000000000109                     I0150294     10091900000000200003410000017N020819105700000000000661009190000000000000000000000000000000000000000100002333002522NADJA CRISTINA LIMA DOS SANTOS          AVENIDA: JOSE ZUKERMAN N 181,           AMERICA     49080350ARACAJU        SEUNIAO UMB DOS CULTOS AFRO BRAS    10091915 000106
21100920190000000000400                                                                                                                                                                                                                                                                                                                                                                                   000107
10231987175000168916200163100    000050293                    000502930000000000000109                     I0150293     10091900000000200003410000017N020819105700000000000661009190000000000000000000000000000000000000000100001124379070CRISTIANO AVILA ACOSTA                  RUA: JOSE DE ALENCAR N 202, APT 106     LAGOA       96211370RIO GRANDE DO SRSUNIAO UMB DOS CULTOS AFRO BRAS    10091915 000108
21100920190000000000400                                                                                                                                                                                                                                                                                                                                                                                   000109
10231987175000168916200163100    000050292                    000502920000000000000109                     I0150292     10091900000000200003410000017N020819105700000000000661009190000000000000000000000000000000000000000100041801660034LUCIANO FERNANDES DO SANTOS             RUA: JOSE BONIFACIO N 75,               VILLA MAGI  95680000CANELA         RSUNIAO UMB DOS CULTOS AFRO BRAS    10091915 000110
21100920190000000000400                                                                                                                                                                                                                                                                                                                                                                                   000111
10231987175000168916200163100    000050291                    000502910000000000000109                     I0150291     10091900000000200003410000017N020819105700000000000661009190000000000000000000000000000000000000000100059799382572NEILTON ARAUJO BORGES                   AVENIDA: BRASIL N 1445,                 SAO CRISTOVA20930041RIO DE JANEIRO RJUNIAO UMB DOS CULTOS AFRO BRAS    10091915 000112
21100920190000000000400                                                                                                                                                                                                                                                                                                                                                                                   000113
10231987175000168916200163100    000050290                    000502900000000000000109                     I0150290     10091900000000200003410000017N020819105700000000000661009190000000000000000000000000000000000000000100008521796773ELAINE ANDRE MOREIRA                    RUA: AQUIDABA N 38,                     MOQUETA     26285050NOVA IGUACU    RJUNIAO UMB DOS CULTOS AFRO BRAS    10091915 000114
21100920190000000000400                                                                                                                                                                                                                                                                                                                                                                                   000115
10231987175000168916200163100    000050289                    000502890000000000000109                     I0150289     10091900000000200003410000017N020819105700000000000661009190000000000000000000000000000000000000000100078961556215LUCIANO TEIXEIRA DA COSTA               RUA: DAS VIOLETAS N 124,                TAPANA      66825350BELEM          PAUNIAO UMB DOS CULTOS AFRO BRAS    10091915 000116
21100920190000000000400                                                                                                                                                                                                                                                                                                                                                                                   000117
10231987175000168916200163100    000050288                    000502880000000000000109                     I0150288     30081900000000040003410000017N020819105700000000000133008190000000000000000000000000000000000000000100058369473768INDIODIRIA SANTANA DA SILVA             RUA LUIZ CARLOS DE OLIVEIRAN 666, - JARDMIGUEL COUTO26070209NOVA IGUACU    RJUNIAO UMB DOS CULTOS AFRO BRAS    30081915 000118
21300820190000000000080                                                                                                                                                                                                                                                                                                                                                                                   000119
10231987175000168916200163100    000050287                    000502870000000000000109                     I0150287     10091900000000200003410000017N020819105700000000000661009190000000000000000000000000000000000000000100014958315829ALEXANDRE VIEIRA LIMA                   RUA: PITANGUEIRA N 49, SALA F           CIDADE VERDE59152020PARNAMIRIM     RNUNIAO UMB DOS CULTOS AFRO BRAS    10091915 000120
21100920190000000000400                                                                                                                                                                                                                                                                                                                                                                                   000121
10231987175000168916200163100    000050286                    000502860000000000000109                     I0150286     10091900000000200003410000017N020819105700000000000661009190000000000000000000000000000000000000000100010686058712RAFAEL OTERO AMARAL BRITO               RUA: BARBARA HELIODORAN 1410, FRENTE    JARDIM SULAC21741050RIO DE JANEIRO RJUNIAO UMB DOS CULTOS AFRO BRAS    10091915 000122
21100920190000000000400                                                                                                                                                                                                                                                                                                                                                                                   000123
10231987175000168916200163100    000050285                    000502850000000000000109                     I0150285     10091900000000200003410000017N020819105700000000000661009190000000000000000000000000000000000000000100003413082779ALEXANDER MOREIRA MARTINS               ALAMEDA: MINISTRO ROCHA AZEVEDON 38, APTJARDIM PAULI01410000SAO PAULO      SPUNIAO UMB DOS CULTOS AFRO BRAS    10091915 000124
21100920190000000000400                                                                                                                                                                                                                                                                                                                                                                                   000125
10231987175000168916200163100    000050283                    000502830000000000000109                     I0150283     10091900000000200003410000017N020819105700000000000661009190000000000000000000000000000000000000000100087728028715KATIA FIGUEIRA GOMES                    RUA: ARMANDO RODRIGUES N 30,            BACAXA      28993000SAQUAREMA      RJUNIAO UMB DOS CULTOS AFRO BRAS    10091915 000126
21100920190000000000400                                                                                                                                                                                                                                                                                                                                                                                   000127
10231987175000168916200163100    000050282                    000502820000000000000109                     I0150282     10091900000000200003410000017N020819105700000000000661009190000000000000000000000000000000000000000100011332421709RODOLFO FERREIRA DA MATA                RUA: BAMBOREN 232, CASA 101             DEL CASTILHO20771490RIO DE JANEIRO RJUNIAO UMB DOS CULTOS AFRO BRAS    10091915 000128
21100920190000000000400                                                                                                                                                                                                                                                                                                                                                                                   000129
10231987175000168916200163100    000050281                    000502810000000000000109                     I0150281     10091900000000200003410000017N020819105700000000000661009190000000000000000000000000000000000000000100008073254654STEFANI MARCOS DINIZ SR.                RUA: GOIAS N 329,                       CENTRO      38280000ITURAMA        MGUNIAO UMB DOS CULTOS AFRO BRAS    10091915 000130
21100920190000000000400                                                                                                                                                                                                                                                                                                                                                                                   000131
10231987175000168916200163100    000050279                    000502790000000000000109                     I0150279     10091900000000200003410000017N020819105700000000000661009190000000000000000000000000000000000000000100006152109701ALEX PIMENTA                            RUA DAS PAPOLAS N 0, LOTE 21 QUADRA 117 PRADOS VERDE20710130NOVA IGUACU    RJUNIAO UMB DOS CULTOS AFRO BRAS    10091915 000132
21100920190000000000400                                                                                                                                                                                                                                                                                                                                                                                   000133
10231987175000168916200163100    000050278                    000502780000000000000109                     I0150278     10091900000000200003410000017N020819105700000000000661009190000000000000000000000000000000000000000100076985946704RUBI CRUSE                              RUA ARMANDO BATISTAN 290,               ROSARIO     35930175JOAO MONLEVADE MGUNIAO UMB DOS CULTOS AFRO BRAS    10091915 000134
21100920190000000000400                                                                                                                                                                                                                                                                                                                                                                                   000135
10231987175000168916200163100    000050276                    000502760000000000000109                     I0150276     10091900000000200003410000017N020819105700000000000661009190000000000000000000000000000000000000000100009903183704LUCIANO FIDELIS DE LIMA                 RUA DOUTOR ALFREDO BACKERN 579, BLOCO 2 MUTONDO     24452001SAO GONCALO    RJUNIAO UMB DOS CULTOS AFRO BRAS    10091915 000136
21100920190000000000400                                                                                                                                                                                                                                                                                                                                                                                   000137
10231987175000168916200163100    000050275                    000502750000000000000109                     I0150275     10091900000000200003410000017N020819105700000000000661009190000000000000000000000000000000000000000100045629498053ROSALINA SILVA DE FREITAS               RUA JOSE VINADEN 0, S/Nº               JUSCELINO KU97035410SANTA MARIA    RSUNIAO UMB DOS CULTOS AFRO BRAS    10091915 000138
21100920190000000000400                                                                                                                                                                                                                                                                                                                                                                                   000139
10231987175000168916200163100    000050274                    000502740000000000000109                     I0150274     10091900000000200003410000017N020819105700000000000661009190000000000000000000000000000000000000000100038911930504ISABEL CRISTINA PEREIRA DE LIM          RUA: MANOEL CRISOSTOMO DA SILVA N 169,  MARIA GORETE48904380JUAZEIRO       BAUNIAO UMB DOS CULTOS AFRO BRAS    10091915 000140
21100920190000000000400                                                                                                                                                                                                                                                                                                                                                                                   000141
10231987175000168916200163100    000050272                    000502720000000000000109                     I0150272     10091900000000200003410000017N020819105700000000000661009190000000000000000000000000000000000000000100011781542708JORGE MIGUEL MELLO BARBOSA              RUA LINS DE VASCONCELOSN 223,           LINS DE VASC20710130RIO DE JANEIRO RJUNIAO UMB DOS CULTOS AFRO BRAS    10091915 000142
21100920190000000000400                                                                                                                                                                                                                                                                                                                                                                                   000143
10231987175000168916200163100    000050271                    000502710000000000000109                     I0150271     10091900000000200003410000017N020819105700000000000661009190000000000000000000000000000000000000000100000229169031DANIEL RODRIGO ALBUQUERQUE DE           RUA MARCOS NARDONN 283,                 FENAVINHO   95703344BENTO GONCALVESRSUNIAO UMB DOS CULTOS AFRO BRAS    10091915 000144
21100920190000000000400                                                                                                                                                                                                                                                                                                                                                                                   000145
10231987175000168916200163100    000050270                    000502700000000000000109                     I0150270     30091900000000040003410000017N020819105700000000000133009190000000000000000000000000000000000000000100010076730794ALEXANDRE DA SILVA RODRIGUES            RUA ONESIO MANUEL BELARMINON 48,        PARQUE ANCHI21625330RIO DE JANEIRO RJUNIAO UMB DOS CULTOS AFRO BRAS    30091915 000146
21300920190000000000080                                                                                                                                                                                                                                                                                                                                                                                   000147
10231987175000168916200163100    000050269                    000502690000000000000109                     I0150269     30081900000000040003410000017N020819105700000000000133008190000000000000000000000000000000000000000100010076730794ALEXANDRE DA SILVA RODRIGUES            RUA ONESIO MANUEL BELARMINON 48,        PARQUE ANCHI21625330RIO DE JANEIRO RJUNIAO UMB DOS CULTOS AFRO BRAS    30081915 000148
21300820190000000000080                                                                                                                                                                                                                                                                                                                                                                                   000149
10231987175000168916200163100    000050268                    000502680000000000000109                     I0150268     30091900000000040003410000017N020819105700000000000133009190000000000000000000000000000000000000000100037465732700NADIA MARIA DE BRITTO LUCENA            RUA LIBERATO BITTENCOURTN 170,          MAGALHAES BA21735120RIO DE JANEIRO RJUNIAO UMB DOS CULTOS AFRO BRAS    30091915 000150
21300920190000000000080                                                                                                                                                                                                                                                                                                                                                                                   000151
10231987175000168916200163100    000050267                    000502670000000000000109                     I0150267     30081900000000040003410000017N020819105700000000000133008190000000000000000000000000000000000000000100037465732700NADIA MARIA DE BRITTO LUCENA            RUA LIBERATO BITTENCOURTN 170,          MAGALHAES BA21735120RIO DE JANEIRO RJUNIAO UMB DOS CULTOS AFRO BRAS    30081915 000152
21300820190000000000080                                                                                                                                                                                                                                                                                                                                                                                   000153
10231987175000168916200163100    000050266                    000502660000000000000109                     I0150266     06081900000000040003410000017N020819105700000000000130608190000000000000000000000000000000000000000100037465732700NADIA MARIA DE BRITTO LUCENA            RUA LIBERATO BITTENCOURTN 170,          MAGALHAES BA21735120RIO DE JANEIRO RJUNIAO UMB DOS CULTOS AFRO BRAS    06081915 000154
21060820190000000000080                                                                                                                                                                                                                                                                                                                                                                                   000155
10231987175000168916200163100    000050265                    000502650000000000000109                     I0150265     20081900000000560003410000017N020819105700000000001852008190000000000000000000000000000000000000000100016212777713TAYNARA LUZIA SILVA SOUZA               RODOVIA LUCIO MEIRAN 45772, KM 249 BR-39MINUANO     27115190BARRA DO PIRAI RJUNIAO UMB DOS CULTOS AFRO BRAS    20081915 000156
21200820190000000001120                                                                                                                                                                                                                                                                                                                                                                                   000157
10231987175000168916200163100    000049983                    000499830000000000000109                     I3449983     09081900000000160003410000017N290719105700000000000530908190000000000000000000000000000000000000000100009491065777VIVIAN LUIZA FREITAS DE AGUIAR          RUA ITAPETININGAN 520,                  VICENTE DE C21370680RIO DE JANEIRO RJUNIAO UMB DOS CULTOS AFRO BRAS    09081915 000158
21090820190000000000320                                                                                                                                                                                                                                                                                                                                                                                   000159
10231987175000168916200163100    000049944                    000499440000000000000109                     I0249944     30071900000000120003410000017N200719105700000000000403007190000000000000000000000000000000000000000100005209152758LAZARO OLIVEIRA DE ARAUJO               RUA MULULO DA VEIGAN 1045,              NEVES       24425460SAO GONCALO    RJUNIAO UMB DOS CULTOS AFRO BRAS    30071915 000160
21300720190000000000240                                                                                                                                                                                                                                                                                                                                                                                   000161
10231987175000168916200163100    000044387                    000443870000000000000109                     I0244387     30061900000000040003410000017N130319105700000000000133006190000000000000000000000000000000000000000100079227422749ROGERIO DOS SANTOS                      RUA LOURENCO CAMPOSN 156, CASA 1        SAO MATEUS  25525711SAO JOAO DE MERRJUNIAO UMB DOS CULTOS AFRO BRAS    30061915 000162
21300620190000000000080                                                                                                                                                                                                                                                                                                                                                                                   000163
10231987175000168916200163100    000044276                    000442760000000000000109                     I0244276     30061900000000040003410000017N130319105700000000000133006190000000000000000000000000000000000000000100058369473768INDIODIRIA SANTANA DA SILVA             RUA LUIZ CARLOS DE OLIVEIRAN 666, - JARDMIGUEL COUTO26070209NOVA IGUACU    RJUNIAO UMB DOS CULTOS AFRO BRAS    30061915 000164
21300620190000000000080                                                                                                                                                                                                                                                                                                                                                                                   000165
10231987175000168916200163100    000043644                    000436440000000000000109                     I0243644     30061900000000040003410000017N130319105700000000000133006190000000000000000000000000000000000000000100076658961700BEATRIZ DIAS DO NASCIMENTO              RUA SAO BRUNON 55, APT 301              PENHA       21021160RIO DE JANEIRO RJUNIAO UMB DOS CULTOS AFRO BRAS    30061915 000166
21300620190000000000080                                                                                                                                                                                                                                                                                                                                                                                   000167
10231987175000168916200163100    000043387                    000433870000000000000109                     I0243387     30061900000000040003410000017N130319105700000000000133006190000000000000000000000000000000000000000100001799273709ANSELMO FERREIRA DEGENAR                RUA NOSSA SENHORA DE NAZAREN 31,        PAVUNA      21655550RIO DE JANEIRO RJUNIAO UMB DOS CULTOS AFRO BRAS    30061915 000168
21300620190000000000080                                                                                                                                                                                                                                                                                                                                                                                   000169
9                                                                                                                                                                                                                                                                                                                                                                                                         000170
