01REMESSA01COBRANCA       817800093673        União Umb dos Cultos Afro Bra341BANCO ITAU SA  120118                                                                                                                                                                                                                                                                                                      000001
10231987175000168817800093673    00006883                     000068830000000000000109                     I016883      28021800000000035003410000017N271217050900000000000102802180000000000000000000000000000000000000000100002912143713JANAINA PACHECO PINHEIRO                RUA FILGUEIRAS LIMA, 69 BLOCO 2 APTO 101RIACHUELO - 20950050RIO DE JANEIRO RJUNIAO UMB DOS CULTOS AFRO BRAS    28021810 000002
10231987175000168817800093673    00006882                     000068820000000000000109                     I016882      28021800000000035003410000017N271217050900000000000102802180000000000000000000000000000000000000000100054085071734DENISE SANTANA MACIEL                   RUA CARATUVA, LOTE 19                   JARDIM SULAC22725020RIO DE JANEIRO RJUNIAO UMB DOS CULTOS AFRO BRAS    28021810 000003
10231987175000168817800093673    00006881                     000068810000000000000109                     I016881      28021800000000035003410000017N271217050900000000000102802180000000000000000000000000000000000000000100001390670350ANA PAULA SOUSA                         ESTRADA BOGANVILLE, 869 CASA 22         ANIL - JACAR22753210RIO DE JANEIRO RJUNIAO UMB DOS CULTOS AFRO BRAS    28021810 000004
10231987175000168817800093673    00006880                     000068800000000000000109                     I016880      28021800000000035003410000017N271217050900000000000102802180000000000000000000000000000000000000000100003632396779ADRIANA DA RESSURREICAO GUEDES          RUA PARANA, 439                         CENTRO - MES26253020MESQUITA       RJUNIAO UMB DOS CULTOS AFRO BRAS    28021810 000005
10231987175000168817800093673    00006879                     000068790000000000000109                     I016879      28021800000000035003410000017N271217050900000000000102802180000000000000000000000000000000000000000100082981191772DEJANIRA LOPES FERREIRA                 RUA JOSE BENTO DE OLIVEIRA, 129         QUIMICA - BA27130270BARRA DO PIRAI RJUNIAO UMB DOS CULTOS AFRO BRAS    28021810 000006
10231987175000168817800093673    00006878                     000068780000000000000109                     I016878      28021800000000035003410000017N271217050900000000000102802180000000000000000000000000000000000000000100009036923760ERIKA BARBOSA DOS SANTOS                AVENIDA ERNANI CARDOSO, 53 FUNDOS CASA 1CASCADURA - 21310310RIO DE JANEIRO RJUNIAO UMB DOS CULTOS AFRO BRAS    28021810 000007
10231987175000168817800093673    00006877                     000068770000000000000109                     I016877      28021800000000035003410000017N271217050900000000000102802180000000000000000000000000000000000000000100008478002707ALEXSANDRO JOAO MARTINS                 RUA: CARMO DO RIO CLARO Nº 266 - SAO GANOVA IGUACU 26021830NOVA IGUACU    RJUNIAO UMB DOS CULTOS AFRO BRAS    28021810 000008
10231987175000168817800093673    00006628                     000066280000000000000109                     I016628      28021800000000035003410000017N271217050900000000000102802180000000000000000000000000000000000000000100001820956733JUREMA RODRIGUES DE OLIVEIRA            RUA ANTONIO TEODORO DE CASTRO, 88 CASA 1PACIENCIA - 23573200RIO DE JANEIRO RJUNIAO UMB DOS CULTOS AFRO BRAS    28021810 000009
10231987175000168817800093673    00006627                     000066270000000000000109                     I016627      28021800000000035003410000017N271217050900000000000102802180000000000000000000000000000000000000000100091334306753LUCIA DE ANDRADE VAZ DE MELLO           RUA SANTO AGOSTINHO, 200 CASA 47        ANDARAI - RI20541260RIO DE JANEIRO RJUNIAO UMB DOS CULTOS AFRO BRAS    28021810 000010
10231987175000168817800093673    00006626                     000066260000000000000109                     I016626      28021800000000035003410000017N271217050900000000000102802180000000000000000000000000000000000000000100081632746700LEILA DOS SANTOS SILVA                  RUA VIRGILIO BRIGIDO, 369               CAMPO GRANDE23045805RIO DE JANEIRO RJUNIAO UMB DOS CULTOS AFRO BRAS    28021810 000011
10231987175000168817800093673    00006625                     000066250000000000000109                     I016625      28021800000000035003410000017N271217050900000000000102802180000000000000000000000000000000000000000100079291040797CELMA DA SILVA                          RUA MONS TOMAS TEIJERINA, 373           MONTE D OURO27600000VALENCA        RJUNIAO UMB DOS CULTOS AFRO BRAS    28021810 000012
10231987175000168817800093673    00006624                     000066240000000000000109                     I016624      28021800000000035003410000017N271217050900000000000102802180000000000000000000000000000000000000000100025569929720JOSE WILSON DE ARAUJO                   RUA SEABRA FILHO, 829                   INHOAIBA - R23062000RIO DE JANEIRO RJUNIAO UMB DOS CULTOS AFRO BRAS    28021810 000013
10231987175000168817800093673    00006623                     000066230000000000000109                     I016623      28021800000000035003410000017N271217050900000000000102802180000000000000000000000000000000000000000100047627816734DORACI BARBARA RIBEIRO DO COUT          RUA PRIMEIRO DE MAIO, LOTE 15 QUADRA 19 PARQUE IPIRA26359510MESQUITA       RJUNIAO UMB DOS CULTOS AFRO BRAS    28021810 000014
10231987175000168817800093673    00006622                     000066220000000000000109                     I016622      28021800000000035003410000017N271217050900000000000102802180000000000000000000000000000000000000000100002413896740ADRIANO CAMILO DOS SANTOS               RUA SANTA ISABEL, 328 CASA 9            PALHADA - NO26335260NOVA IGUACU    RJUNIAO UMB DOS CULTOS AFRO BRAS    28021810 000015
10231987175000168817800093673    00006621                     000066210000000000000109                     I016621      28021800000000035003410000017N271217050900000000000102802180000000000000000000000000000000000000000100071360573704GREICE DE SOUZA MILHAR DA SILV          RUA DOUTOR JOVINIANO, 707               MADUREIRA - 21360310RIO DE JANEIRO RJUNIAO UMB DOS CULTOS AFRO BRAS    28021810 000016
10231987175000168817800093673    00006614                     000066140000000000000109                     I016614      28021800000000025003410000017N271217050900000000000102802180000000000000000000000000000000000000000100015744914587ARISTOCLEMILDA PEREIRA DOS SAN          RUA M, LOTE 23 QUADRA 67                VILA EMA - I25271540DUQUE DE CAXIASRJUNIAO UMB DOS CULTOS AFRO BRAS    28021810 000017
10231987175000168817800093673    00006613                     000066130000000000000109                     I016613      28021800000000035003410000017N271217050900000000000102802180000000000000000000000000000000000000000100083679472749SILVIA REGINA DE SOUZA BAPTIST          RUA  LAFAIETE JOSE MEDINA, 2            CHAPEU MANGU22010020RIO DE JANEIRO RJUNIAO UMB DOS CULTOS AFRO BRAS    28021810 000018
10231987175000168817800093673    00006612                     000066120000000000000109                     I016612      28021800000000035003410000017N271217050900000000000102802180000000000000000000000000000000000000000100008014210719JOERC VITORINO MATOS                    RUA ANTONIO SALEMA, 607 FUNDOS          VILA DE CAVA26052320NOVA IGUACU    RJUNIAO UMB DOS CULTOS AFRO BRAS    28021810 000019
10231987175000168817800093673    00006611                     000066110000000000000109                     I016611      28021800000000035003410000017N271217050900000000000102802180000000000000000000000000000000000000000100037256246749MARIA HELENA ARQUIMEDES CHAGAS          RUA MARIA MACIEIRA, 9 CASA 2 FUNDOS     MADUREIRA - 21310070RIO DE JANEIRO RJUNIAO UMB DOS CULTOS AFRO BRAS    28021810 000020
10231987175000168817800093673    00006610                     000066100000000000000109                     I016610      28021800000000035003410000017N271217050900000000000102802180000000000000000000000000000000000000000100080609066749ELIANE RODRIGUES PIRES                  RUA PARAMIRIM, 710                      BENTO RIBEIR21550610RIO DE JANEIRO RJUNIAO UMB DOS CULTOS AFRO BRAS    28021810 000021
10231987175000168817800093673    00006609                     000066090000000000000109                     I016609      28021800000000035003410000017N271217050900000000000102802180000000000000000000000000000000000000000100050704281791JOSE CICERO ALVES DOS SANTOS            RUA PRESIDENTE CASTELO BRANCO, LOTE 3   TEIXEIRA - I23840240ITAGUAI        RJUNIAO UMB DOS CULTOS AFRO BRAS    28021810 000022
10231987175000168817800093673    00006608                     000066080000000000000109                     I016608      28021800000000035003410000017N271217050900000000000102802180000000000000000000000000000000000000000100011782583785JORGE MARCIO DOS SANTOS SOUZA           RUA PEDRO JOSE DE OLIVEIRA, 126 CASA 2  VARGEM GRAND27145232BARRA DO PIRAI RJUNIAO UMB DOS CULTOS AFRO BRAS    28021810 000023
10231987175000168817800093673    00006604                     000066040000000000000109                     I016604      28021800000000035003410000017N271217050900000000000102802180000000000000000000000000000000000000000100071567747784MARIA DO CARMO MARIANO DOS SAN          RUA PERI, SN LOTE 36                    EDEN - SAO J25535162SAO JOAO DE MERRJUNIAO UMB DOS CULTOS AFRO BRAS    28021810 000024
10231987175000168817800093673    00006603                     000066030000000000000109                     I016603      28021800000000035003410000017N271217050900000000000102802180000000000000000000000000000000000000000100009856785774RAQUEL APARECIDA PEREIRA FLORE          RUA FRANCISACA ESTEVAO, 362             VALENCA - RI27600000RIO DE JANEIRO RJUNIAO UMB DOS CULTOS AFRO BRAS    28021810 000025
10231987175000168817800093673    00006602                     000066020000000000000109                     I016602      28021800000000035003410000017N271217050900000000000102802180000000000000000000000000000000000000000100033291241720MARIA JOSE LOPES SOUSA                  RUA ALTAMIRO DOMICIANO DA CRUZ, LOTE 3 QSANTA CANDID23830640ITAGUAI        RJUNIAO UMB DOS CULTOS AFRO BRAS    28021810 000026
10231987175000168817800093673    00006601                     000066010000000000000109                     I016601      28021800000000035003410000017N271217050900000000000102802180000000000000000000000000000000000000000100003351716729WAGNER CONCEICAO DO NASCIMENTO          RUA CRISANTEMOS, 152 CASA 48 FRENTE - SAHITERLAND - 26171430BELFORD ROXO   RJUNIAO UMB DOS CULTOS AFRO BRAS    28021810 000027
10231987175000168817800093673    00006600                     000066000000000000000109                     I016600      28021800000000035003410000017N271217050900000000000102802180000000000000000000000000000000000000000100091126037753SHEILA DE CARVALHO ALVARES              RUA MAGALHAES CASTRO, 111 FUNDOS        RIACHUELO - 20961020RIO DE JANEIRO RJUNIAO UMB DOS CULTOS AFRO BRAS    28021810 000028
10231987175000168817800093673    00006599                     000065990000000000000109                     I016599      28021800000000035003410000017N271217050900000000000102802180000000000000000000000000000000000000000100069496161715JANICE DE CARVALHO                      RUA BRISA DO VALE, LOTE 23 QUADRA E     CURICICA - J22710530RIO DE JANEIRO RJUNIAO UMB DOS CULTOS AFRO BRAS    28021810 000029
10231987175000168817800093673    00006598                     000065980000000000000109                     I016598      28021800000000035003410000017N271217050900000000000102802180000000000000000000000000000000000000000100011080748717ALVARO CHIANELLI DE AZEREDO             RUA ANDRE AZEVEDO, 87                   OLARIA - RJ 21021480RIO DE JANEIRO RJUNIAO UMB DOS CULTOS AFRO BRAS    28021810 000030
10231987175000168817800093673    00006436                     000064360000000000000109                     I016436      28021800000000035003410000017N271217050900000000000102802180000000000000000000000000000000000000000100081051387787ROSA AMELIA COSENZA                     RUA MARIA DA GLORIA BALTAR N 48         NOVA CIDADE 26535290NILOPOLIS      RJUNIAO UMB DOS CULTOS AFRO BRAS    28021810 000031
10231987175000168817800093673    00006435                     000064350000000000000109                     I016435      28021800000000035003410000017N271217050900000000000102802180000000000000000000000000000000000000000100004753333736ELAINE DOS SANTOS FONTES ARAUJ          O MESMO                                 O MESMO     21775090RIO DE JANEIRO RJUNIAO UMB DOS CULTOS AFRO BRAS    28021810 000032
10231987175000168817800093673    00006434                     000064340000000000000109                     I016434      28021800000000035003410000017N271217050900000000000102802180000000000000000000000000000000000000000100007342538779DAVID GARDINA FERREIRA LUCIO            O MESMO                                 O MESMO     25550531SAO JOAO DE MERRJUNIAO UMB DOS CULTOS AFRO BRAS    28021810 000033
10231987175000168817800093673    00006433                     000064330000000000000109                     I016433      28021800000000035003410000017N271217050900000000000102802180000000000000000000000000000000000000000100068506589720MARILDA TEREZA DA SILVA                 O MESMO                                 O MESMO     26327240QUEIMADOS      RJUNIAO UMB DOS CULTOS AFRO BRAS    28021810 000034
10231987175000168817800093673    00006432                     000064320000000000000109                     I016432      28021800000000035003410000017N271217050900000000000102802180000000000000000000000000000000000000000100064949559753CREUZA LEAL COIMBRA                     O MESMO                                 O MESMO     25570393SAO JOAO DE MERRJUNIAO UMB DOS CULTOS AFRO BRAS    28021810 000035
10231987175000168817800093673    00006317                     000063170000000000000109                     I016317      28021800000000035003410000017N271217050900000000000102802180000000000000000000000000000000000000000100071924337720MARIA DAS DORES FERREIRA PESSA          AVENIDA  RAFAEL DE OLIVEIRA  60         GUADALUPE   21675620RIO DE JANEIRO RJUNIAO UMB DOS CULTOS AFRO BRAS    28021810 000036
10231987175000168817800093673    00006316                     000063160000000000000109                     I016316      28021800000000035003410000017N271217050900000000000102802180000000000000000000000000000000000000000100078664870730LUCIA MARA RIBEIRO OLIVEIRA             RUA LUIZA N 47                          CHATUBA - ME26584210MESQUITA       RJUNIAO UMB DOS CULTOS AFRO BRAS    28021810 000037
10231987175000168817800093673    00006315                     000063150000000000000109                     I016315      28021800000000035003410000017N271217050900000000000102802180000000000000000000000000000000000000000100090776704753CLAUDIO ISAAC PEREIRA TEIXEIRA          RUA ARUTI N 57 FUNDOS                   PRACA SECA -21321030RIO DE JANEIRO RJUNIAO UMB DOS CULTOS AFRO BRAS    28021810 000038
10231987175000168817800093673    00006314                     000063140000000000000109                     I016314      28021800000000035003410000017N271217050900000000000102802180000000000000000000000000000000000000000100079006980753ELIANE BARBOSA RODRIGUES                MESMO                                   MESMO       25550480SAO JOAO DE MERRJUNIAO UMB DOS CULTOS AFRO BRAS    28021810 000039
10231987175000168817800093673    00006313                     000063130000000000000109                     I016313      28021800000000035003410000017N271217050900000000000102802180000000000000000000000000000000000000000100049586254704ALZIRA MARIA CHAVES DA SILVA            RUA AMANAJO N 677                       BANGU - RIO 21820210RIO DE JANEIRO RJUNIAO UMB DOS CULTOS AFRO BRAS    28021810 000040
10231987175000168817800093673    00006312                     000063120000000000000109                     I016312      28021800000000035003410000017N271217050900000000000102802180000000000000000000000000000000000000000100048363340715AUREA RAMOS                             ESTRADA DO MAGARCA N 8488               CINCO MARIAS23031201PEDRA DE GUARATRJUNIAO UMB DOS CULTOS AFRO BRAS    28021810 000041
10231987175000168817800093673    00006311                     000063110000000000000109                     I016311      28021800000000035003410000017N271217050900000000000102802180000000000000000000000000000000000000000100010491247745JOAO BATISTA MACEDO DE FREITAS          RUA ITAGIBA N 1047 FUNDOS               COSMOS - RIO23060450RIO DE JANEIRO RJUNIAO UMB DOS CULTOS AFRO BRAS    28021810 000042
10231987175000168817800093673    00006281                     000062810000000000000109                     I016281      28021800000000035003410000017N271217050900000000000102802180000000000000000000000000000000000000000100073772372791ROBERTO SOARES DE PAIVA                 RUA ROBERTO CABRAL, 247                 JUREMA - GUA23035384GUARATIBA      RJUNIAO UMB DOS CULTOS AFRO BRAS    28021810 000043
10231987175000168817800093673    00006280                     000062800000000000000109                     I016280      28021800000000035003410000017N271217050900000000000102802180000000000000000000000000000000000000000100005552174771COSME DIAS DA SILVA                     TRAVESSA JOSELINA DE ANDRADE N 43       PORTO NOVO -24435811SAO GONCALO    RJUNIAO UMB DOS CULTOS AFRO BRAS    28021810 000044
10231987175000168817800093673    00006279                     000062790000000000000109                     I016279      28021800000000035003410000017N271217050900000000000102802180000000000000000000000000000000000000000100013222460760VITOR NERY DO AMARAL                    RUA MARIA PARIS, 342                    PAIOL - NILO26545600NILOPOLIS      RJUNIAO UMB DOS CULTOS AFRO BRAS    28021810 000045
10231987175000168817800093673    00006278                     000062780000000000000109                     I016278      28021800000000035003410000017N271217050900000000000102802180000000000000000000000000000000000000000100064262839753MARIA JOSE SOUZA DOS SANTOS             RUA JOSE LIMA DA SILVA, 29              MARIA - BELF26185610BELFORD ROXO   RJUNIAO UMB DOS CULTOS AFRO BRAS    28021810 000046
10231987175000168817800093673    00006277                     000062770000000000000109                     I016277      28021800000000035003410000017N271217050900000000000102802180000000000000000000000000000000000000000100086374370791IVETE SILVA GOMES                       RUA SEIS LOTE 329                       GEBARA - ITA24867416NITEROI        RJUNIAO UMB DOS CULTOS AFRO BRAS    28021810 000047
10231987175000168817800093673    00006276                     000062760000000000000109                     I016276      28021800000000035003410000017N271217050900000000000102802180000000000000000000000000000000000000000100014474105729BIANCA OHANNA MOURA DE CARVALH          RUA AMAZONAS N 71                       PAULICEIA - 25080055DUQUE DE CAXIASRJUNIAO UMB DOS CULTOS AFRO BRAS    28021810 000048
10231987175000168817800093673    00006275                     000062750000000000000109                     I016275      28021800000000035003410000017N271217050900000000000102802180000000000000000000000000000000000000000100007929176770SANSIA MARIA SOBRINHO                   RUA TURMALINA QUADRA 149 LOTE 6         NOVO JARDIM 24175670SAO GONCALO    RJUNIAO UMB DOS CULTOS AFRO BRAS    28021810 000049
10231987175000168817800093673    00006234                     000062340000000000000109                     I016234      28021800000000035003410000017N271217050900000000000102802180000000000000000000000000000000000000000100020857690701MARCELO ANTONIO COSTA TEIXEIRA          RUA TUPINIQUINS N 220 FUNDOS            VICENTE DE C21370630RIO DE JANEIRO RJUNIAO UMB DOS CULTOS AFRO BRAS    28021810 000050
10231987175000168817800093673    00006233                     000062330000000000000109                     I016233      28021800000000035003410000017N271217050900000000000102802180000000000000000000000000000000000000000100078980119704SERGIO LUIZ DE BRITO                    TRAVESSA BRANDAO N 145 - ENGENHOCA      BARRETO - NI24110636NITEROI        RJUNIAO UMB DOS CULTOS AFRO BRAS    28021810 000051
10231987175000168817800093673    00006232                     000062320000000000000109                     I016232      28021800000000035003410000017N271217050900000000000102802180000000000000000000000000000000000000000100073518573772MERCIA DO NASCIMENTO CAVALCANT          RUA BERNARDO MONTEIRO, LT 62 QD 151     JARDIM OLAVO25025320DUQUE DE CAXIASRJUNIAO UMB DOS CULTOS AFRO BRAS    28021810 000052
10231987175000168817800093673    00006231                     000062310000000000000109                     I016231      28021800000000035003410000017N271217050900000000000102802180000000000000000000000000000000000000000100054222141704WALMIR CARVALHO GUIMARAES               RUA BOA VIAGEM, 186 CASA                IPIRANGA - N26293591NOVA IGUACU    RJUNIAO UMB DOS CULTOS AFRO BRAS    28021810 000053
10231987175000168817800093673    00006230                     000062300000000000000109                     I016230      28021800000000035003410000017N271217050900000000000102802180000000000000000000000000000000000000000100056864680797SONIA MARIA DA SILVA                    RUA A, 11 - LOTEAMENTO SANTA MARIA      CAMBOTA - VA27600000VALENCIA       RJUNIAO UMB DOS CULTOS AFRO BRAS    28021810 000054
10231987175000168817800093673    00006194                     000061940000000000000109                     I016194      28021800000000035003410000017N271217050900000000000102802180000000000000000000000000000000000000000100007120562703JANETE RIBEIRO DE ALMEIDA               O MESMO                                 O MESMO     26347030NOVA IGUACU    RJUNIAO UMB DOS CULTOS AFRO BRAS    28021810 000055
10231987175000168817800093673    00006193                     000061930000000000000109                     I016193      28021800000000035003410000017N271217050900000000000102802180000000000000000000000000000000000000000100050995510768MARIA DAS GRACAS DE ANDRADE             RUA, CORONEL FRANCA LEITE Nº 93        FABRICA POLV26246430NILOPOLIS      RJUNIAO UMB DOS CULTOS AFRO BRAS    28021810 000056
10231987175000168817800093673    00006192                     000061920000000000000109                     I016192      28021800000000035003410000017N271217050900000000000102802180000000000000000000000000000000000000000100008839877754DEISE CORREIA ALVES SILVA               PRACA FLAMENGO N 17                     SANTA TEREZA25086090DUQUE DE CAXIASRJUNIAO UMB DOS CULTOS AFRO BRAS    28021810 000057
10231987175000168817800093673    00006191                     000061910000000000000109                     I016191      28021800000000035003410000017N271217050900000000000102802180000000000000000000000000000000000000000100003026317713RITA DE CASSIA VIEIRA SIMOES F          RUA CABO SAULO DE VASCONCELOS N 120 LOTEJARDIM PALMA23510001PACIENCIA      RJUNIAO UMB DOS CULTOS AFRO BRAS    28021810 000058
10231987175000168817800093673    00006164                     000061640000000000000109                     I016164      28021800000000035003410000017N271217050900000000000102802180000000000000000000000000000000000000000100085789569749VALMIR DE SOUZA RIBEIRO                 O MESMO                                 O MESMO     21715080RIO DE JANEIRO RJUNIAO UMB DOS CULTOS AFRO BRAS    28021810 000059
10231987175000168817800093673    00006163                     000061630000000000000109                     I016163      28021800000000035003410000017N271217050900000000000102802180000000000000000000000000000000000000000100003350383793RITA DE CASSIA MOREIRA DA SILV          RUA ALBERTO TEIXEIRA DA CUNHA, 1160     CENTRO - NIL26520110NILOPOLIS      RJUNIAO UMB DOS CULTOS AFRO BRAS    28021810 000060
10231987175000168817800093673    00006162                     000061620000000000000109                     I016162      28021800000000035003410000017N271217050900000000000102802180000000000000000000000000000000000000000100001796220728MARIA ROSA ALVES DA SILVA               RUA DOUTOR ARRUDA NEGREIRO N 100        SENHOR DO BO25025325DUQUE DE CAXIASRJUNIAO UMB DOS CULTOS AFRO BRAS    28021810 000061
10231987175000168817800093673    00006161                     000061610000000000000109                     I016161      28021800000000035003410000017N271217050900000000000102802180000000000000000000000000000000000000000100071411780744ZULTAMAR MESQUITA DE ALMEIDA            RUA  CORONEL JOSE MUNIZ, 554            OLINDA  - NI26545060NILOPOLIS      RJUNIAO UMB DOS CULTOS AFRO BRAS    28021810 000062
10231987175000168817800093673    00006157                     000061570000000000000109                     I016157      28021800000000035003410000017N271217050900000000000102802180000000000000000000000000000000000000000100030341108715SUELENA DA SILVA MARTINS                RUA PAULO DE AQUINO, 27                 ANCHIETA - R21645500RIO DE JANEIRO RJUNIAO UMB DOS CULTOS AFRO BRAS    28021810 000063
10231987175000168817800093673    00006156                     000061560000000000000109                     I016156      28021800000000035003410000017N271217050900000000000102802180000000000000000000000000000000000000000100059135085720CELIA MARINHO VIEIRA                    RUA LOURIVAL ABREU SILVA, 565           SULACAP - RI21745760RIO DE JANEIRO RJUNIAO UMB DOS CULTOS AFRO BRAS    28021810 000064
10231987175000168817800093673    00006155                     000061550000000000000109                     I016155      28021800000000035003410000017N271217050900000000000102802180000000000000000000000000000000000000000100003863156714VILMA TEREZA DE SOUZA AMARAL            RUA GUATEMALENSE, LOTE 7 QUADRA 32      JARDIM MERIT25555700SAO JOAO DE MERRJUNIAO UMB DOS CULTOS AFRO BRAS    28021810 000065
10231987175000168817800093673    00006149                     000061490000000000000109                     I016149      28021800000000035003410000017N271217050900000000000102802180000000000000000000000000000000000000000100035914661749CELSO NERY GALDARD                      RUA BENJAMIN DA ROCHA JUNIOR, 1 CASA 6  PARQUE FLUMI25045010DUQUE DE CAXIASRJUNIAO UMB DOS CULTOS AFRO BRAS    28021810 000066
10231987175000168817800093673    00006148                     000061480000000000000109                     I016148      28021800000000035003410000017N271217050900000000000102802180000000000000000000000000000000000000000100002804485706LEONOR CARINE COSTA WINTRICH            RUA ESTRELA, 24                         BONSUCESSO -21041070RIO DE JANEIRO RJUNIAO UMB DOS CULTOS AFRO BRAS    28021810 000067
10231987175000168817800093673    00006147                     000061470000000000000109                     I016147      28021800000000035003410000017N271217050900000000000102802180000000000000000000000000000000000000000100002477166778BEATRIZ MIRANDA ABRANCHES               RUA GRUCAI, 657                         PENHA - RJ  21020250RIO DE JANEIRO RJUNIAO UMB DOS CULTOS AFRO BRAS    28021810 000068
10231987175000168817800093673    00006127                     000061270000000000000109                     I016127      28021800000000035003410000017N271217050900000000000102802180000000000000000000000000000000000000000100033434557768VALTER OLIVEIRA MAYRINCK                RUA SARGENTO OSMAR CLARO, 22            AMAZONAS - C23075180RIO DE JANEIRO RJUNIAO UMB DOS CULTOS AFRO BRAS    28021810 000069
10231987175000168817800093673    00006126                     000061260000000000000109                     I016126      28021800000000035003410000017N271217050900000000000102802180000000000000000000000000000000000000000100078542626753MARIA HELENA FELIX MARINHO              MESMO                                   O MESMO     21011060RIO DE JANEIRO RJUNIAO UMB DOS CULTOS AFRO BRAS    28021810 000070
10231987175000168817800093673    00006125                     000061250000000000000109                     I016125      28021800000000035003410000017N271217050900000000000102802180000000000000000000000000000000000000000100031569250715JORGE FRANCISCO SANTOS                  EXPEDICIONARIO SEBASTIAO RIBEIRO, 142   COLUBANDE - 24451710SAO GONCALO    RJUNIAO UMB DOS CULTOS AFRO BRAS    28021810 000071
10231987175000168817800093673    00006124                     000061240000000000000109                     I016124      28021800000000035003410000017N271217050900000000000102802180000000000000000000000000000000000000000100091919835768JORGETE SALGADO                         RUA PARAIM, 64 APTO 203                 ILHA DO GOVE21911050RIO DE JANEIRO RJUNIAO UMB DOS CULTOS AFRO BRAS    28021810 000072
10231987175000168817800093673    00006122                     000061220000000000000109                     I016122      28021800000000040003410000017N271217050900000000000102802180000000000000000000000000000000000000000100005206095737FLORIPES RAMOS DE FARIAS                RUA ONESIO MANOEL BELARMINO, 75         ANCHIETA  - 21625330RIO DE JANEIRO RJUNIAO UMB DOS CULTOS AFRO BRAS    28021810 000073
10231987175000168817800093673    00006121                     000061210000000000000109                     I016121      28021800000000035003410000017N271217050900000000000102802180000000000000000000000000000000000000000100048685917700CELIO DO NASCIMENTO                     RUA DO CATETE, 123 CASA 4 APTO 101      CATETE - RIO22220000RIO DE JANEIRO RJUNIAO UMB DOS CULTOS AFRO BRAS    28021810 000074
10231987175000168817800093673    00006120                     000061200000000000000109                     I016120      28021800000000035003410000017N271217050900000000000102802180000000000000000000000000000000000000000100055570720715ATILA CARDOSO DE LIMA                   RUA EUGENIO SOARES, 270                 CENTRO - MES26550007MESQUITA       RJUNIAO UMB DOS CULTOS AFRO BRAS    28021810 000075
10231987175000168817800093673    00006116                     000061160000000000000109                     I016116      28021800000000035003410000017N271217050900000000000102802180000000000000000000000000000000000000000100066564689772CARLOS DE ARAUJO RIBEIRO                RUA DIVISORIA, 235                      BENTO RIBEIR21331250RIO DE JANEIRO RJUNIAO UMB DOS CULTOS AFRO BRAS    28021810 000076
10231987175000168817800093673    00006115                     000061150000000000000109                     I016115      28021800000000035003410000017N271217050900000000000102802180000000000000000000000000000000000000000100003388076758ROSALINA MARIA NEVES                    RUA LAURINDO FILHO, 199 CASA 6          CASCADURA - 21370260RIO DE JANEIRO RJUNIAO UMB DOS CULTOS AFRO BRAS    28021810 000077
10231987175000168817800093673    00006114                     000061140000000000000109                     I016114      28021800000000035003410000017N271217050900000000000102802180000000000000000000000000000000000000000100010518288722RODRIGO JOSE ABREU DOS SANTOS           RUA MARAVILHA, 298                      BANGU - RJ  21815150RIO DE JANEIRO RJUNIAO UMB DOS CULTOS AFRO BRAS    28021810 000078
10231987175000168817800093673    00006112                     000061120000000000000109                     I016112      28021800000000035003410000017N271217050900000000000102802180000000000000000000000000000000000000000100044279388768THEREZA LEOCADIA DA COSTA               RUA VERA CRUZ, 12 - TRINTA E UM DE OUTUBPACIENCIA - 23585817RIO DE JANEIRO RJUNIAO UMB DOS CULTOS AFRO BRAS    28021810 000079
10231987175000168817800093673    00006111                     000061110000000000000109                     I016111      28021800000000035003410000017N271217050900000000000102802180000000000000000000000000000000000000000100001077338708ANA MONICA FERREIRA DOS SANTOS          RUA ITAIR JOSE VELOSO, 101 CASA 2 - CONJPACIENCIA - 23587390RIO DE JANEIRO RJUNIAO UMB DOS CULTOS AFRO BRAS    28021810 000080
10231987175000168817800093673    00006110                     000061100000000000000109                     I016110      28021800000000035003410000017N271217050900000000000102802180000000000000000000000000000000000000000100078759676787VANDA LUCIA LIMA DA SILVA               RUA ALMIRANTE JUSTINO PROENCA, 395      CAMPO GRANDE23090310RIO DE JANEIRO RJUNIAO UMB DOS CULTOS AFRO BRAS    28021810 000081
10231987175000168817800093673    00005936                     000059360000000000000109                     I015936      31011800000000035003410000017N261217050900000000000103101180000000000000000000000000000000000000000100008246810707LEILA DA SILVA MARQUES                  RUA REDENTOR LOTE 19 QUADRA 18          JARDIM REDEN26110090BELFORD ROXO   RJUNIAO UMB DOS CULTOS AFRO BRAS    31011810 000082
10231987175000168817800093673    00005935                     000059350000000000000109                     I015935      31011800000000035003410000017N261217050900000000000103101180000000000000000000000000000000000000000100010276278704ROSELI DE OLIVEIRA DUTRA                RUA UM LOTE 7 QUADRA 8                  TAQUARA - DU25275110DUQUE DE CAXIASRJUNIAO UMB DOS CULTOS AFRO BRAS    31011810 000083
10231987175000168817800093673    00005934                     000059340000000000000109                     I015934      31011800000000035003410000017N261217050900000000000103101180000000000000000000000000000000000000000100005633721735MARCOS AURELIO PAULINO FLORIAN          RUA LEONEL ROCHA N 195 CASA LOTE H      GUARATIBA - 23032460RIO DE JANEIRO RJUNIAO UMB DOS CULTOS AFRO BRAS    31011810 000084
9                                                                                                                                                                                                                                                                                                                                                                                                         000085
