01REMESSA01COBRANCA       916200163100        União Umb dos Cultos Afro Bra341BANCO ITAU SA  080318                                                                                                                                                                                                                                                                                                      000001
10231987175000168916200163100    000014192                    000141920000000000000109                     I0114192     09031800000000105003410000017N080318104700000000000100903180000000000000000000000000000000000000000100008560350764EMANUELE DE FARIA CARVALHO DOS          RUA FLORESTA DO SUL, 33                 GUARATIBA - 23028512RIO DE JANEIRO RJUNIAO UMB DOS CULTOS AFRO BRAS    09031810 000002
10231987175000168916200163100    000014191                    000141910000000000000109                     I0114191     30031800000000455003410000017N080318104700000000000103003180000000000000000000000000000000000000000100090148126715ROSANGELA RAMALHEIRA TEIXEIRA           RUA: LL                                 JARDIM ANHAN25264690XEREM          RJUNIAO UMB DOS CULTOS AFRO BRAS    30031810 000003
10231987175000168916200163100    000014190                    000141900000000000000109                     I0114190     30051800000000035003410000017N080318104700000000000103005180000000000000000000000000000000000000000100093151179720ELIZABETH DA SILVA GOIS                 RUA RAFAEL HAENNY, 2 LOTE 2 QUADRA 4    SEPETIBA - R23535640RIO DE JANEIRO RJUNIAO UMB DOS CULTOS AFRO BRAS    30051810 000004
10231987175000168916200163100    000014189                    000141890000000000000109                     I0114189     31051800000000035003410000017N080318104700000000000103105180000000000000000000000000000000000000000100010083312790EDINALDO FELIX DA SILVA                 RUA POJUCA Nº 174 CASA 3               ZUMBI - ILHA21930180SEROPEDICA     RJUNIAO UMB DOS CULTOS AFRO BRAS    31051810 000005
10231987175000168916200163100    000014188                    000141880000000000000109                     I0114188     30041800000000035003410000017N080318104700000000000103004180000000000000000000000000000000000000000100010083312790EDINALDO FELIX DA SILVA                 RUA POJUCA Nº 174 CASA 3               ZUMBI - ILHA21930180SEROPEDICA     RJUNIAO UMB DOS CULTOS AFRO BRAS    30041810 000006
10231987175000168916200163100    000014182                    000141820000000000000109                     I3414182     09031800000000350003410000017N060318104700000000000100903180000000000000000000000000000000000000000100004244337709WANDERSON SANTOS DA SILVA               AVENIDA DAS AMERICAS 15000              RECREIO DOS 22790330RIO DE JANEIRO RJUNIAO UMB DOS CULTOS AFRO BRAS    09031810 000007
10231987175000168916200163100    000014147                    000141470000000000000109                     I3414147     05031800000000035003410000017N010318104700000000000100503180000000000000000000000000000000000000000100002812320706COSME PAULO DA COSTA CRAVO              RUA PADRE MANOEL DE NOBREGA N 505       QUINTINO BOC21381000RIO DE JANEIRO RJUNIAO UMB DOS CULTOS AFRO BRAS    05031810 000008
10231987175000168916200163100    00008525                     000085250000000000000109                     I028525      31011800000000035003410000017N020118104700000000000103101180000000000000000000000000000000000000000100093151179720ELIZABETH DA SILVA GOIS                 RUA RAFAEL HAENNY, 2 LOTE 2 QUADRA 4    SEPETIBA - R23535640RIO DE JANEIRO RJUNIAO UMB DOS CULTOS AFRO BRAS    31011810 000009
10231987175000168916200163100    00004721                     000047210000000000000109                     I344721      30121700000000350003410000017N041217104700000000000103012170000000000000000000000000000000000000000100090682211753ELIZABETH VALENTIM                      AL: SEIS SN LT 38 QD 182 - CAMPO LINDO  SEROPEDICA -23845190RIO DE JANEIRO RJUNIAO UMB DOS CULTOS AFRO BRAS    30121710 000010
10231987175000168916200163100    00004622                     000046220000000000000109                     I344622      22121700000000350003410000017N171117104700000000000102212170000000000000000000000000000000000000000100002209208777ELIELSON DOS SANTOS CARVALHAES          RUA TRES QUADRA 21 LOTE 17              LAGOINHA - N26296295NOVA IGUACU    RJUNIAO UMB DOS CULTOS AFRO BRAS    22121710 000011
10231987175000168916200163100    00004552                     000045520000000000000109                     I344552      22121700000000350003410000017N171117104700000000000102212170000000000000000000000000000000000000000100004244337709WANDERSON SANTOS DA SILVA               AVENIDA DAS AMERICAS 15000              RECREIO DOS 22790330RIO DE JANEIRO RJUNIAO UMB DOS CULTOS AFRO BRAS    22121710 000012
10231987175000168916200163100    00004440                     000044400000000000000109                     I024440      22121700000000350003410000017N171117104700000000000102212170000000000000000000000000000000000000000100002812320706COSME PAULO DA COSTA CRAVO              RUA PADRE MANOEL DE NOBREGA N 505       QUINTINO BOC21381000RIO DE JANEIRO RJUNIAO UMB DOS CULTOS AFRO BRAS    22121710 000013
10231987175000168916200163100    00003635                     000036350000000000000109                     I023635      22121700000000350003410000017N171117104700000000000102212170000000000000000000000000000000000000000100082059403715SANDRA HELENA VILLAMOR MONTASS          RUA ARGOS, 693                          GUADALUPE   21660050RIO DE JANEIRO RJUNIAO UMB DOS CULTOS AFRO BRAS    22121710 000014
10231987175000168916200163100    00003633                     000036330000000000000109                     I023633      22121700000000350003410000017N171117104700000000000102212170000000000000000000000000000000000000000100088677079734MARIA APARECIDA MORAIS DOS SAN          RUA OLAVO GAMA, TRAVESSA F - PROJETADA BGUARATIBA - 23040400SEROPEDICA     RJUNIAO UMB DOS CULTOS AFRO BRAS    22121710 000015
10231987175000168916200163100    00003594                     000035940000000000000109                     I023594      22121700000000350003410000017N171117104700000000000102212170000000000000000000000000000000000000000100001925108783HELENA MOREIRA PESSOA                   RUA CAPIVARA, LOTE 639 QUADRA 48        SANTA CRUZ D25260180DUQUE DE CAXIASRJUNIAO UMB DOS CULTOS AFRO BRAS    22121710 000016
10231987175000168916200163100    00003392                     000033920000000000000109                     I023392      22121700000000350003410000017N171117104700000000000102212170000000000000000000000000000000000000000100007331881760COSMA MARIA DE MELO - BENTO SE          RUA PULMERANIA LOTE 16 QUADRA 27 (ANTIGAPARQUE MODER25023070DUQUE DE CAXIASRJUNIAO UMB DOS CULTOS AFRO BRAS    22121710 000017
10231987175000168916200163100    00002147                     000021470000000000000109                     I022147      31121700000000035003410000017N131117104700000000000103112170000000000000000000000000000000000000000100082059403715SANDRA HELENA VILLAMOR MONTASS          RUA ARGOS, 693                          GUADALUPE   21660050RIO DE JANEIRO RJUNIAO UMB DOS CULTOS AFRO BRAS    31121710 000018
10231987175000168916200163100    00002145                     000021450000000000000109                     I022145      31121700000000035003410000017N131117104700000000000103112170000000000000000000000000000000000000000100088677079734MARIA APARECIDA MORAIS DOS SAN          RUA OLAVO GAMA, TRAVESSA F - PROJETADA BGUARATIBA - 23040400SEROPEDICA     RJUNIAO UMB DOS CULTOS AFRO BRAS    31121710 000019
9                                                                                                                                                                                                                                                                                                                                                                                                         000020
