01REMESSA01COBRANCA       817800093673        União Umb dos Cultos Afro Bra341BANCO ITAU SA  190118                                                                                                                                                                                                                                                                                                      000001
10231987175000168817800093673    00006818                     000068180000000000000109                     I016818      28021800000000035003410000017N271217104700000000000102802180000000000000000000000000000000000000000100011273431731DANIELE DO NASCIMENTO CRUZ              O MESMO                                 O MESMO     26080039NOVA IGUACU    RJUNIAO UMB DOS CULTOS AFRO BRAS    28021810 000002
10231987175000168817800093673    00006813                     000068130000000000000109                     I016813      28021800000000035003410000017N271217104700000000000102802180000000000000000000000000000000000000000100011385092726ANDRE LEONARDO SILVA DE ARAUJO          RUA CARMINDA, 1359 CASA 4               COELHO DA RO25550136SAO JOAO DE MERRJUNIAO UMB DOS CULTOS AFRO BRAS    28021810 000003
10231987175000168817800093673    00006812                     000068120000000000000109                     I016812      28021800000000035003410000017N271217104700000000000102802180000000000000000000000000000000000000000100016049548765ARTHUR DA SILVA AVELLAR GOMES           RUA CLAUDINO BARATA, 143 CASA 3         REALENGO - R21770200RIO DE JANEIRO RJUNIAO UMB DOS CULTOS AFRO BRAS    28021810 000004
10231987175000168817800093673    00006811                     000068110000000000000109                     I016811      28021800000000035003410000017N271217104700000000000102802180000000000000000000000000000000000000000100051562430700EMILIA SANTANA MORAIS                   RUA JORNALISTA MOACIR PADILHA, 276 FUNDOCENTRO - NIT24020350NITEROI        RJUNIAO UMB DOS CULTOS AFRO BRAS    28021810 000005
10231987175000168817800093673    00006810                     000068100000000000000109                     I016810      28021800000000035003410000017N271217104700000000000102802180000000000000000000000000000000000000000100031709294749ELIETE DE OLIVEIRA FONSECA              ESTRADA DO MAGARCA, 1137 FUNDOS         GUARATIBA - 23035380RIO DE JANEIRO RJUNIAO UMB DOS CULTOS AFRO BRAS    28021810 000006
10231987175000168817800093673    00006809                     000068090000000000000109                     I016809      28021800000000035003410000017N271217104700000000000102802180000000000000000000000000000000000000000100094639779704SERGIO ANTONIO CARDOSO LOPES            TRAVESSA DA AMIZADE, 142 APTO 501       VILA DA PENH21221370RIO DE JANEIRO RJUNIAO UMB DOS CULTOS AFRO BRAS    28021810 000007
10231987175000168817800093673    00006808                     000068080000000000000109                     I016808      28021800000000035003410000017N271217104700000000000102802180000000000000000000000000000000000000000100087318822772REGINA CLIMAS DE ABREU                  RUA JOAO MARTINS DE BARROS, LOTE 25 QUADBATAILLARD -25675150PETROPOLIS     RJUNIAO UMB DOS CULTOS AFRO BRAS    28021810 000008
10231987175000168817800093673    00006807                     000068070000000000000109                     I016807      28021800000000035003410000017N271217104700000000000102802180000000000000000000000000000000000000000100023061987152NICEAS FERREIRA BRITO FILHO             RUA ALBINO PAIVA, 486                   SENADOR CAMA21830490RIO DE JANEIRO RJUNIAO UMB DOS CULTOS AFRO BRAS    28021810 000009
10231987175000168817800093673    00006806                     000068060000000000000109                     I016806      28021800000000035003410000017N271217104700000000000102802180000000000000000000000000000000000000000100098129074753EVANILDO PEDRO DA SILVA FILHO           RUA MANOEL GREGORIO, SN CASA 7 QUADRO B SANTISSIMO -21853050RIO DE JANEIRO RJUNIAO UMB DOS CULTOS AFRO BRAS    28021810 000010
10231987175000168817800093673    00006805                     000068050000000000000109                     I016805      28021800000000035003410000017N271217104700000000000102802180000000000000000000000000000000000000000100070154732753SOLANGE GONCALVES DA SILVA              RUA VINTE E OITO, SN LOTE 727           MURIQUI - MA23860000MANGARATIBA    RJUNIAO UMB DOS CULTOS AFRO BRAS    28021810 000011
10231987175000168817800093673    00006804                     000068040000000000000109                     I016804      28021800000000035003410000017N271217104700000000000102802180000000000000000000000000000000000000000100009805565700THIAGO DOS SANTOS FLOR DA SILV          RUA JOAO LUSO, 423                      REALENGO-RJ 21765620RIO DE JANEIRO RJUNIAO UMB DOS CULTOS AFRO BRAS    28021810 000012
10231987175000168817800093673    00006803                     000068030000000000000109                     I016803      28021800000000035003410000017N271217104700000000000102802180000000000000000000000000000000000000000100089853628791NADIA JAQUELINE MEDEIROS BARCE          RUA PROJETADA E, 51 FUNDOS CASA 1       SENADOR CAMA21831440RIO DE JANEIRO RJUNIAO UMB DOS CULTOS AFRO BRAS    28021810 000013
10231987175000168817800093673    00006802                     000068020000000000000109                     I016802      28021800000000035003410000017N271217104700000000000102802180000000000000000000000000000000000000000100004790121720IATA ANDERSON JESUS PEREIRA             RUA ITAJUBARA, 92 FRENTE                RAMOS - RIO 21060180RIO DE JANEIRO RJUNIAO UMB DOS CULTOS AFRO BRAS    28021810 000014
10231987175000168817800093673    00006801                     000068010000000000000109                     I016801      28021800000000035003410000017N271217104700000000000102802180000000000000000000000000000000000000000100069542996772ELZINEIA RUFINO FICHEIRA                RUA LIVIO BARRETO, 274 CASA 2 FUNDOS    JACAREPAGUA 22730065RIO DE JANEIRO RJUNIAO UMB DOS CULTOS AFRO BRAS    28021810 000015
10231987175000168817800093673    00006800                     000068000000000000000109                     I016800      28021800000000035003410000017N271217104700000000000102802180000000000000000000000000000000000000000100002437606718FABIO VICTOR BARRETO                    RUA BARAO DE JAGUARI, 31                IRAJA - RIO 21235555RIO DE JANEIRO RJUNIAO UMB DOS CULTOS AFRO BRAS    28021810 000016
10231987175000168817800093673    00006799                     000067990000000000000109                     I016799      28021800000000035003410000017N271217104700000000000102802180000000000000000000000000000000000000000100010591612739ROSEMERE SOUZA DA SILVA                 O MESMO                                 O MESMO     21230354RIO DE JANEIRO RJUNIAO UMB DOS CULTOS AFRO BRAS    28021810 000017
10231987175000168817800093673    00006798                     000067980000000000000109                     I016798      28021800000000035003410000017N271217104700000000000102802180000000000000000000000000000000000000000100002979603775LUIZ CARLOS PESSOA                      RUA: JOSE RAMALHO Nº 14 - MUTUAPIRA    O MESMO     24455235RIO DE JANEIRO RJUNIAO UMB DOS CULTOS AFRO BRAS    28021810 000018
10231987175000168817800093673    00006797                     000067970000000000000109                     I016797      28021800000000035003410000017N271217104700000000000102802180000000000000000000000000000000000000000100007476149739JAQUELINE DE ASSIS                      RUA: MIGUEL DE CARVALHO Nº 171         GUARATIBA - 23035640RIO DE JANEIRO RJUNIAO UMB DOS CULTOS AFRO BRAS    28021810 000019
10231987175000168817800093673    00006796                     000067960000000000000109                     I016796      28021800000000035003410000017N271217104700000000000102802180000000000000000000000000000000000000000100008158166776CRISTIANE DE ALMEIDA DA ROCHA           RUA JOANA RESENDE N° 28 - MADUREIRA    RIO DE JANEI21360430RIO DE JANEIRO RJUNIAO UMB DOS CULTOS AFRO BRAS    28021810 000020
10231987175000168817800093673    00006795                     000067950000000000000109                     I016795      28021800000000035003410000017N271217104700000000000102802180000000000000000000000000000000000000000100013814528760TIAGO FRANCISLEI PEREIRA REALI          O MESMO                                 O MESMO     24115260BARRA DO PIRAI RJUNIAO UMB DOS CULTOS AFRO BRAS    28021810 000021
10231987175000168817800093673    00006794                     000067940000000000000109                     I016794      28021800000000035003410000017N271217104700000000000102802180000000000000000000000000000000000000000100014662855756JEFERSON DOS SANTOS                     O MESMO                                 O MESMO     26160190RIO DE JANEIRO RJUNIAO UMB DOS CULTOS AFRO BRAS    28021810 000022
10231987175000168817800093673    00006793                     000067930000000000000109                     I016793      28021800000000035003410000017N271217104700000000000102802180000000000000000000000000000000000000000100064561968768EUCLIDALINA MARIA DOS SANTOS V          O MESMO                                 O MESMO     25265080DUQUE DE CAXIASRJUNIAO UMB DOS CULTOS AFRO BRAS    28021810 000023
10231987175000168817800093673    00006785                     000067850000000000000109                     I016785      28021800000000035003410000017N271217104700000000000102802180000000000000000000000000000000000000000100082272964753ALBANO TEIXEIRA NOVAES FILHO            O MESMO                                 O MESMO     26265550NOVA IGUACU    RJUNIAO UMB DOS CULTOS AFRO BRAS    28021810 000024
10231987175000168817800093673    00006784                     000067840000000000000109                     I016784      28021800000000035003410000017N271217104700000000000102802180000000000000000000000000000000000000000100016985553770SILVANA MARIA DOS SANTOS                RUA, CINCO LOTE 16 QUADR 38 - QUEIMADOS CARTA COBR J21235830RIO DE JANEIRO RJUNIAO UMB DOS CULTOS AFRO BRAS    28021810 000025
10231987175000168817800093673    00006783                     000067830000000000000109                     I016783      28021800000000035003410000017N271217104700000000000102802180000000000000000000000000000000000000000100064775640763TANIA CORREA LEITE                      RUA DOUTOR LUIS GAUDIE LEY N 99 (2ª LIGPENHA - RIO 21070100RIO DE JANEIRO RJUNIAO UMB DOS CULTOS AFRO BRAS    28021810 000026
10231987175000168817800093673    00006782                     000067820000000000000109                     I016782      28021800000000035003410000017N271217104700000000000102802180000000000000000000000000000000000000000100001868270750CARLOS ALBERTO DO NASCIMENTO L          O MESMO                                 O MESMO     20761060RIO DE JANEIRO RJUNIAO UMB DOS CULTOS AFRO BRAS    28021810 000027
10231987175000168817800093673    00006781                     000067810000000000000109                     I016781      28021800000000035003410000017N271217104700000000000102802180000000000000000000000000000000000000000100096933836720CELIA GOMES DE OLIVEIRA FALCAO          RUA CONDOMINIO 1 DE MAIO, 227 B         MADAME MACHA23740020PETROPOLIS     RJUNIAO UMB DOS CULTOS AFRO BRAS    28021810 000028
10231987175000168817800093673    00006780                     000067800000000000000109                     I016780      28021800000000035003410000017N271217104700000000000102802180000000000000000000000000000000000000000100005292156752MARCIO VALADARES DOS SANTOS             RUA SETUBAL LT 7 QD N - CABUCU          NOVA IGUACU 21330560RIO DE JANEIRO RJUNIAO UMB DOS CULTOS AFRO BRAS    28021810 000029
10231987175000168817800093673    00006779                     000067790000000000000109                     I016779      28021800000000035003410000017N271217104700000000000102802180000000000000000000000000000000000000000100076862062700MARIO LUIS DE SOUZA                     RUA FERREIRA CHAVES N° 139 CASA 2      VL DA PENHA 21221090RIO DE JANEIRO RJUNIAO UMB DOS CULTOS AFRO BRAS    28021810 000030
10231987175000168817800093673    00006778                     000067780000000000000109                     I016778      28021800000000035003410000017N271217104700000000000102802180000000000000000000000000000000000000000100038230445753ABILIO ALFREDO DUARTE                   RUA: ORQUIDEAS S/Nº LOTE 72 - GUARATIBARIO DE JANEI23026000RIO DE JANEIRO RJUNIAO UMB DOS CULTOS AFRO BRAS    28021810 000031
10231987175000168817800093673    00006777                     000067770000000000000109                     I016777      28021800000000035003410000017N271217104700000000000102802180000000000000000000000000000000000000000100001136014764JOSE ORLANDO SILVA                      O MESMO                                 O MESMO     23825225ITAGUAI        RJUNIAO UMB DOS CULTOS AFRO BRAS    28021810 000032
10231987175000168817800093673    00006776                     000067760000000000000109                     I016776      28021800000000035003410000017N271217104700000000000102802180000000000000000000000000000000000000000100047672412787JOAO CARLOS STADLER                     O MESMO                                 O MESMO     25625250PETROPOLIS     RJUNIAO UMB DOS CULTOS AFRO BRAS    28021810 000033
10231987175000168817800093673    00006775                     000067750000000000000109                     I016775      28021800000000035003410000017N271217104700000000000102802180000000000000000000000000000000000000000100011981552723DIEGO DE SIQUEIRA VIEIRA                RUA ACU N 339 FUNDOS                    REALENGO - R21765640RIO DE JANEIRO RJUNIAO UMB DOS CULTOS AFRO BRAS    28021810 000034
10231987175000168817800093673    00006774                     000067740000000000000109                     I026774      28021800000000035003410000017N271217104700000000000102802180000000000000000000000000000000000000000100008208769762BRUNO LEONARDO DOMINGUES DA SI          O MESMO                                 O MESMO     25635401PETROPOLIS     RJUNIAO UMB DOS CULTOS AFRO BRAS    28021810 000035
10231987175000168817800093673    00006773                     000067730000000000000109                     I016773      28021800000000035003410000017N271217104700000000000102802180000000000000000000000000000000000000000100003659613703MARIA JOSE DA SILVA LEONCIO DA          RUA: MARIPA LOTE 6 QUADRA 21 - PARQUE BODUQUE DE CAX25223600DUQUE DE CAXIASRJUNIAO UMB DOS CULTOS AFRO BRAS    28021810 000036
10231987175000168817800093673    00006772                     000067720000000000000109                     I016772      28021800000000035003410000017N271217104700000000000102802180000000000000000000000000000000000000000100003763646701ELIZABETE CRISTINA OLIVEIRA DE          RUA: DO JAMBO                           REALENGO    21755070RIO DE JANEIRO RJUNIAO UMB DOS CULTOS AFRO BRAS    28021810 000037
10231987175000168817800093673    00006768                     000067680000000000000109                     I016768      28021800000000035003410000017N271217104700000000000102802180000000000000000000000000000000000000000100099715554768ZARELDA DE SOUZA ESTEVAO                RUA: VALDOMIRO RAIMUNDO Nº 460 - COIMBRBARRA DO PIR27115270BARRA DO PIRAI RJUNIAO UMB DOS CULTOS AFRO BRAS    28021810 000038
10231987175000168817800093673    00006767                     000067670000000000000109                     I016767      28021800000000035003410000017N271217104700000000000102802180000000000000000000000000000000000000000100000152452338DANIELA DE FATIMA SOARES                RUA: MARIA ROSA Nº 90 - PADRE MIGUEL   RIO DE JANEI20740460RIO DE JANEIRO RJUNIAO UMB DOS CULTOS AFRO BRAS    28021810 000039
10231987175000168817800093673    00006766                     000067660000000000000109                     I016766      28021800000000035003410000017N271217104700000000000102802180000000000000000000000000000000000000000100008267557717MARCIA REGINA FELIPE DE SOUZA           ESTRADA DO MENDANHA LOTE 2 QUADRA O     MENDANHA - C23087283RIO DE JANEIRO RJUNIAO UMB DOS CULTOS AFRO BRAS    28021810 000040
10231987175000168817800093673    00006765                     000067650000000000000109                     I016765      28021800000000035003410000017N271217104700000000000102802180000000000000000000000000000000000000000100041294270753DENISE ROCHA ROSA                       RUA, TRIESTE LOTES 41 E 42 QUADRA 2     PIABETA - MA25915000MAGE           RJUNIAO UMB DOS CULTOS AFRO BRAS    28021810 000041
10231987175000168817800093673    00006764                     000067640000000000000109                     I016764      28021800000000035003410000017N271217104700000000000102802180000000000000000000000000000000000000000100009456470776JAMES ARNESS BARBOSA DE OLIVEI          R.JOAQUIM DE QUEIROZ TRAV SAO CARLOS 9B RAMOS - RJ  20766220RIO DE JANEIRO RJUNIAO UMB DOS CULTOS AFRO BRAS    28021810 000042
10231987175000168817800093673    00006763                     000067630000000000000109                     I016763      28021800000000035003410000017N271217104700000000000102802180000000000000000000000000000000000000000100003808829737LEANDRO JOSE OLIVEIRA MENDES            RUA: ALAN KARDEC Nº 23 QUADRA B        PB JUPIRANGU26187590BELFORD ROXO   RJUNIAO UMB DOS CULTOS AFRO BRAS    28021810 000043
10231987175000168817800093673    00006762                     000067620000000000000109                     I016762      28021800000000035003410000017N271217104700000000000102802180000000000000000000000000000000000000000100009263590702JEAN CARLOS DOS SANTOS                  RUA NEVES LOTE 8 QUADRA 3               PARQUE ARARU25585580SAO JOAO DE MERRJUNIAO UMB DOS CULTOS AFRO BRAS    28021810 000044
10231987175000168817800093673    00006761                     000067610000000000000109                     I016761      28021800000000035003410000017N271217104700000000000102802180000000000000000000000000000000000000000100079013686753NEIVA NUNES SENNA                       ALAMEDA SAO SEBASTIAO LOTE 23 QUADRA 12 SAO FRANCISC26352680NOVA IGUACU    RJUNIAO UMB DOS CULTOS AFRO BRAS    28021810 000045
10231987175000168817800093673    00006760                     000067600000000000000109                     I016760      28021800000000035003410000017N271217104700000000000102802180000000000000000000000000000000000000000100001344376754FERNANDA RODRIGUES TEIXEIRA DO          ESTRADA: DO GARGOA Nº 25 - FLORESTINHA CABO FRIO - 28929538CABO FRIO      RJUNIAO UMB DOS CULTOS AFRO BRAS    28021810 000046
10231987175000168817800093673    00006759                     000067590000000000000109                     I016759      28021800000000035003410000017N271217104700000000000102802180000000000000000000000000000000000000000100080728774704NERIANA SILVA DO CARMO                  RUA: NILTON PAULINO Nº 13 A - RAMOS    RIO DE JANEI21061610RIO DE JANEIRO RJUNIAO UMB DOS CULTOS AFRO BRAS    28021810 000047
10231987175000168817800093673    00006758                     000067580000000000000109                     I016758      28021800000000035003410000017N271217104700000000000102802180000000000000000000000000000000000000000100072121122753ALIETE ROCHA DA SILVA VIEIRA            RUA: IBIRAPITANGA N° 211               INHAUMA - RI20766130RIO DE JANEIRO RJUNIAO UMB DOS CULTOS AFRO BRAS    28021810 000048
10231987175000168817800093673    00006757                     000067570000000000000109                     I016757      28021800000000035003410000017N271217104700000000000102802180000000000000000000000000000000000000000100002499344776EUNIRA DA SALINA DE PAULA               ESTRADA: SAPUCAIA Nª 12 - ITAUNA       SAO GONCALO 24473330SAO GONCALO    RJUNIAO UMB DOS CULTOS AFRO BRAS    28021810 000049
10231987175000168817800093673    00006756                     000067560000000000000109                     I016756      28021800000000035003410000017N271217104700000000000102802180000000000000000000000000000000000000000100007151714700VERONICA CONCEICAO DE SOUZA AN          O MESMO                                 0 MESMO     21545420RIO DE JANEIRO RJUNIAO UMB DOS CULTOS AFRO BRAS    28021810 000050
10231987175000168817800093673    00006755                     000067550000000000000109                     I016755      28021800000000035003410000017N271217104700000000000102802180000000000000000000000000000000000000000100022696474753IZAURA MARIA ROCHA DE SOUZA             RUA: AURIFLAMA Nº 154 - GUADALUPE      RIO DE JANEI21660070RIO DE JANEIRO RJUNIAO UMB DOS CULTOS AFRO BRAS    28021810 000051
10231987175000168817800093673    00006754                     000067540000000000000109                     I016754      28021800000000035003410000017N271217104700000000000102802180000000000000000000000000000000000000000100044339682772MARIA APARECIDA DE MOURA MORTA          RUA CARLOS COSTA Nº 25 CASA 2          RIACHUELO  -20970090RIO DE JANEIRO RJUNIAO UMB DOS CULTOS AFRO BRAS    28021810 000052
10231987175000168817800093673    00006753                     000067530000000000000109                     I016753      28021800000000035003410000017N271217104700000000000102802180000000000000000000000000000000000000000100070175225753LEDA FERREIRA FIGUEIREDO                O MESMO                                 O MESMO     21331420RIO DE JANEIRO RJUNIAO UMB DOS CULTOS AFRO BRAS    28021810 000053
10231987175000168817800093673    00006752                     000067520000000000000109                     I016752      28021800000000035003410000017N271217104700000000000102802180000000000000000000000000000000000000000100009368867739NEUZA DA SILVA MAIA                     RUA: PETROPOLIS LOTE 22 QUDRA 181 CASA 1SAO GONCALO 24455806SAO GONCALO    RJUNIAO UMB DOS CULTOS AFRO BRAS    28021810 000054
10231987175000168817800093673    00006751                     000067510000000000000109                     I016751      28021800000000035003410000017N271217104700000000000102802180000000000000000000000000000000000000000100001687749760ELIZABETE MARINS GOMES                  PREFEITO JOAQUIM MENDES N° 342         DA AMIZADE -24902100MARICA         RJUNIAO UMB DOS CULTOS AFRO BRAS    28021810 000055
10231987175000168817800093673    00006750                     000067500000000000000109                     I016750      28021800000000035003410000017N271217104700000000000102802180000000000000000000000000000000000000000100000463235703KATIA CRISTINA RODRIGUES MACHA          O MESMO                                 O MESMO     21250240RIO DE JANEIRO RJUNIAO UMB DOS CULTOS AFRO BRAS    28021810 000056
10231987175000168817800093673    00006749                     000067490000000000000109                     I016749      28021800000000035003410000017N271217104700000000000102802180000000000000000000000000000000000000000100059962615704ILMA DA SILVA PETRONILHO                RUA, ALBERTO CAMPOS Nº 40 APTº 902    IPANEMA - RJ22411030NOVA IGUACU    RJUNIAO UMB DOS CULTOS AFRO BRAS    28021810 000057
10231987175000168817800093673    00006748                     000067480000000000000109                     I016748      28021800000000035003410000017N271217104700000000000102802180000000000000000000000000000000000000000100073711616704SANDRA REGINA BESERRA SILVA             ESTRADA: CAMPO DA AREIA Nº 301 - PECHINJACAREPAGUA 22743311RIO DE JANEIRO RJUNIAO UMB DOS CULTOS AFRO BRAS    28021810 000058
10231987175000168817800093673    00006746                     000067460000000000000109                     I016746      28021800000000035003410000017N271217104700000000000102802180000000000000000000000000000000000000000100005776594723WALACE RODRIGUES                        ESTRADA: DOS TEIXEIRAS Nº 405, RUA 4 CATAQUARA - JA22423205RIO DE JANEIRO RJUNIAO UMB DOS CULTOS AFRO BRAS    28021810 000059
10231987175000168817800093673    00006745                     000067450000000000000109                     I016745      28021800000000035003410000017N271217104700000000000102802180000000000000000000000000000000000000000100008633241773MARCIA CRISTINA VIDEIRO MATEUS          RUA PEDRA DE INDAIA N° 10              PEDRA DE GUA23026440RIO DE JANEIRO RJUNIAO UMB DOS CULTOS AFRO BRAS    28021810 000060
10231987175000168817800093673    00006744                     000067440000000000000109                     I016744      28021800000000035003410000017N271217104700000000000102802180000000000000000000000000000000000000000100059919442704VANDA LUCIA PINHEIRO ROSA               RUA: AIRTON SENA N° 54 - JD PAULISTA   CAMPO GRANDE21215550RIO DE JANEIRO RJUNIAO UMB DOS CULTOS AFRO BRAS    28021810 000061
10231987175000168817800093673    00006743                     000067430000000000000109                     I016743      28021800000000035003410000017N271217104700000000000102802180000000000000000000000000000000000000000100002856003702ANDRE ALVES LIBONATI                    MARIA VARGAS Nº 10 - ANDREA 4107.7702  CACHOEIRA 2721540240RIO DE JANEIRO RJUNIAO UMB DOS CULTOS AFRO BRAS    28021810 000062
10231987175000168817800093673    00006742                     000067420000000000000109                     I016742      28021800000000035003410000017N271217104700000000000102802180000000000000000000000000000000000000000100042996260791ALAYDE CUNHA DE ALMEIDA E SILV          AVENIDA: MARECHAL HERMES Nº 63 - VILA SDUQUE DE CAX25065110DUQUE DE CAXIASRJUNIAO UMB DOS CULTOS AFRO BRAS    28021810 000063
10231987175000168817800093673    00006741                     000067410000000000000109                     I016741      28021800000000035003410000017N271217104700000000000102802180000000000000000000000000000000000000000100000074752375CLAUDIARA TEIXEIRA DA SILVA             RUA CAMBUCI, 295                        MUQUECA - BA27140280BARRA DO PIRAI RJUNIAO UMB DOS CULTOS AFRO BRAS    28021810 000064
10231987175000168817800093673    00006740                     000067400000000000000109                     I016740      28021800000000035003410000017N271217104700000000000102802180000000000000000000000000000000000000000100041957555734SELMA CORREA DIAS                       RUA PROJETADA 6 QUADRA 4 LOTE 21        MORADA DE CO23060550INHOAIBA       RJUNIAO UMB DOS CULTOS AFRO BRAS    28021810 000065
10231987175000168817800093673    00006739                     000067390000000000000109                     I016739      28021800000000035003410000017N271217104700000000000102802180000000000000000000000000000000000000000100005414691717UANDERSON DE SOUZA XAVIER               RUA: ALFREDO MANSUR                     MORRO GAMA  27150430BARRA DO PIRAI RJUNIAO UMB DOS CULTOS AFRO BRAS    28021810 000066
10231987175000168817800093673    00006737                     000067370000000000000109                     I016737      28021800000000035003410000017N271217104700000000000102802180000000000000000000000000000000000000000100077631765715ITAMAR COSTA DE ALMEIDA                 RUA, DOIS DE MAIO Nº 6 B - ATALAIA     CARTA COBR J24135000NITEROI        RJUNIAO UMB DOS CULTOS AFRO BRAS    28021810 000067
10231987175000168817800093673    00006736                     000067360000000000000109                     I016736      28021800000000035003410000017N271217104700000000000102802180000000000000000000000000000000000000000100001580373755MARLENE REIS DE CARVALHO                RUA: JOAO RICARDO LOTE 2 QUADRA 8 CASA 1SAO GONCALO 24754080SAO GONCALO    RJUNIAO UMB DOS CULTOS AFRO BRAS    28021810 000068
10231987175000168817800093673    00006735                     000067350000000000000109                     I016735      28021800000000035003410000017N271217104700000000000102802180000000000000000000000000000000000000000100008389266733BEATRIZ DE AZEVEDO NUNES                RUA: SAPOPEMBA Nº 246 - BENTO RIBEIRO  RIO DE JANEI21321240RIO DE JANEIRO RJUNIAO UMB DOS CULTOS AFRO BRAS    28021810 000069
10231987175000168817800093673    00006734                     000067340000000000000109                     I016734      28021800000000035003410000017N271217104700000000000102802180000000000000000000000000000000000000000100003276628759HERCULES LIMA TAVARES                   RUA: ALFREDO MANSUR Nº 150 CASA 3 - MORBARRA DO PIR27150430BARRA DO PIRAI RJUNIAO UMB DOS CULTOS AFRO BRAS    28021810 000070
10231987175000168817800093673    00006733                     000067330000000000000109                     I016733      28021800000000035003410000017N271217104700000000000102802180000000000000000000000000000000000000000100002728280762VERA EUNICE MARIA LIMA                  RUA: KEMAL PACHA Nº 5 - VILA SANTO ANTODUQUE DE CAX25040220DUQUE DE CAXIASRJUNIAO UMB DOS CULTOS AFRO BRAS    28021810 000071
10231987175000168817800093673    00006732                     000067320000000000000109                     I016732      28021800000000035003410000017N271217104700000000000102802180000000000000000000000000000000000000000100032759827704TEREZA COSTA DE CASTRO                  RUA JOAO BATISTA DA FONSECA, 72         BARRA DO PIR27115020RIO DE JANEIRO RJUNIAO UMB DOS CULTOS AFRO BRAS    28021810 000072
10231987175000168817800093673    00006731                     000067310000000000000109                     I016731      28021800000000035003410000017N271217104700000000000102802180000000000000000000000000000000000000000100012732003735THAYS CRISTINA CAMPOS BARBOSA           RUA  LUIS BARBALHO 445                  ROCHA MIRAND21510110RIO DE JANEIRO  RUNIAO UMB DOS CULTOS AFRO BRAS    28021810 000073
10231987175000168817800093673    00006730                     000067300000000000000109                     I016730      28021800000000035003410000017N271217104700000000000102802180000000000000000000000000000000000000000100061009865749JORGINA OLEGARIO DE OLIVEIRA            O MESMO                                 O MESMO     24715671SAO GONCALO    RJUNIAO UMB DOS CULTOS AFRO BRAS    28021810 000074
10231987175000168817800093673    00006729                     000067290000000000000109                     I016729      28021800000000035003410000017N271217104700000000000102802180000000000000000000000000000000000000000100053207823734HELENICE TEODORO DA SILVA CARV          O MESMO                                 O MESMO     23026010RIO DE JANEIRO RJUNIAO UMB DOS CULTOS AFRO BRAS    28021810 000075
10231987175000168817800093673    00006728                     000067280000000000000109                     I016728      28021800000000035003410000017N271217104700000000000102802180000000000000000000000000000000000000000100079072283791MYRIAN AMORIM RIBEIRO                   O MESMO                                 O MESMO     21341332RIO DE JANEIRO RJUNIAO UMB DOS CULTOS AFRO BRAS    28021810 000076
10231987175000168817800093673    00006727                     000067270000000000000109                     I016727      28021800000000035003410000017N271217104700000000000102802180000000000000000000000000000000000000000100003561463754NORMA CRISTINA JUSTO PRUDENTE           O MESMO                                 O MESMO     21635040RIO DE JANEIRO RJUNIAO UMB DOS CULTOS AFRO BRAS    28021810 000077
10231987175000168817800093673    00006726                     000067260000000000000109                     I016726      28021800000000035003410000017N271217104700000000000102802180000000000000000000000000000000000000000100088224228720VERA MARIA DA SILVA                     O MESMO                                 O MESMO     24722270SAO GONCALO    RJUNIAO UMB DOS CULTOS AFRO BRAS    28021810 000078
10231987175000168817800093673    00006725                     000067250000000000000109                     I016725      28021800000000035003410000017N271217104700000000000102802180000000000000000000000000000000000000000100086464493787MARIA DE FATIMA SOUZA SILVA TE          O MESMO                                 O MESMO     21520290RIO DE JANEIRO RJUNIAO UMB DOS CULTOS AFRO BRAS    28021810 000079
10231987175000168817800093673    00006724                     000067240000000000000109                     I016724      28021800000000035003410000017N271217104700000000000102802180000000000000000000000000000000000000000100088966338797ZENIRA DE CARVALHO CONCEICAO            AVENIDA ALMIRANTE AMORIM DO VALE N 25   MARAMBAIA - 24724560SAO GONCALO    RJUNIAO UMB DOS CULTOS AFRO BRAS    28021810 000080
10231987175000168817800093673    00006723                     000067230000000000000109                     I016723      28021800000000035003410000017N271217104700000000000102802180000000000000000000000000000000000000000100001230403701DENILSON MOTA DRUMOND                   RUA, ALVES DA COSTA Nº 24 - ITAIPU     CHANGRILA - 26140320BELFORD ROXO   RJUNIAO UMB DOS CULTOS AFRO BRAS    28021810 000081
10231987175000168817800093673    00006722                     000067220000000000000109                     I016722      28021800000000035003410000017N271217104700000000000102802180000000000000000000000000000000000000000100058951733734ROSINEA MIRANDA CORREA DOS SAN          RUA: IGUACU N° 1367 CASA 2 - PARQUE LAFDUQUE DE CAX25015350DUQUE DE CAXIASRJUNIAO UMB DOS CULTOS AFRO BRAS    28021810 000082
10231987175000168817800093673    00006721                     000067210000000000000109                     I016721      28021800000000035003410000017N271217104700000000000102802180000000000000000000000000000000000000000100077575644768ROBSON ANDRE GONCALVES OUREM            RUA: RECIFE N° 237 CAMPOS ELISIOS      DUQUE DE CAX21032060RIO DE JANEIRO RJUNIAO UMB DOS CULTOS AFRO BRAS    28021810 000083
10231987175000168817800093673    00006720                     000067200000000000000109                     I016720      28021800000000035003410000017N271217104700000000000102802180000000000000000000000000000000000000000100078190290720IARA PIO GOMES MARQUES                  RUA MARTINS SARAZATI LT 6 A E B QD 335  GUAXINDIBA -21510170RIO DE JANEIRO RJUNIAO UMB DOS CULTOS AFRO BRAS    28021810 000084
10231987175000168817800093673    00006719                     000067190000000000000109                     I016719      28021800000000035003410000017N271217104700000000000102802180000000000000000000000000000000000000000100008601426719DAMIANA CRISTINA TORRES DA SIL          RUA: JAGUAPITAN LOTE 19 QUADRA 121 - SANCOSMO - CAMP23060210RIO DE JANEIRO RJUNIAO UMB DOS CULTOS AFRO BRAS    28021810 000085
10231987175000168817800093673    00006718                     000067180000000000000109                     I016718      28021800000000035003410000017N271217104700000000000102802180000000000000000000000000000000000000000100063791080768ANTONIO DE OLIVEIRA                     O MESMO                                 O MESMO     24722060SAO GONCALO    RJUNIAO UMB DOS CULTOS AFRO BRAS    28021810 000086
10231987175000168817800093673    00006698                     000066980000000000000109                     I016698      28021800000000035003410000017N271217104700000000000102802180000000000000000000000000000000000000000100002868269761ISLAND LUIZA DE ALMEIDA SIMOES          RUA: BACOPA Nº 19 CASA 3 - BENTO RIBEIRRIO DE JANEI21331140RIO DE JANEIRO RJUNIAO UMB DOS CULTOS AFRO BRAS    28021810 000087
10231987175000168817800093673    00006697                     000066970000000000000109                     I016697      28021800000000035003410000017N271217104700000000000102802180000000000000000000000000000000000000000100002154760775JOSEFA SANTANA DA SILVA                 RUA: CACHOEIRA ALTA QUADRA 105 LOTE 19 -GUARATIBA - 23031070RIO DE JANEIRO RJUNIAO UMB DOS CULTOS AFRO BRAS    28021810 000088
10231987175000168817800093673    00006696                     000066960000000000000109                     I016696      28021800000000035003410000017N271217104700000000000102802180000000000000000000000000000000000000000100004545448712LUCIANA DE SOUZA PIMENTA                RUA: HUGO BALDESSARINI Nº 125          VISTA ALEGRE21236040RIO DE JANEIRO RJUNIAO UMB DOS CULTOS AFRO BRAS    28021810 000089
10231987175000168817800093673    00006695                     000066950000000000000109                     I016695      28021800000000035003410000017N271217104700000000000102802180000000000000000000000000000000000000000100003328096760MARCO ANTONIO DA SILVA                  RUA: WALDEMAR VIEIRA AFONSO Nº 1200    CARANGOLA - 25715402DUQUE DE CAXIASRJUNIAO UMB DOS CULTOS AFRO BRAS    28021810 000090
10231987175000168817800093673    00006694                     000066940000000000000109                     I016694      28021800000000035003410000017N271217104700000000000102802180000000000000000000000000000000000000000100069974578787ANTONIA RIBEIRO RAPOSO                  RUA: DOUTOR ARI CHAGAS Nº 470          SEPETIBA - R23545280RIO DE JANEIRO RJUNIAO UMB DOS CULTOS AFRO BRAS    28021810 000091
10231987175000168817800093673    00006693                     000066930000000000000109                     I016693      28021800000000035003410000017N271217104700000000000102802180000000000000000000000000000000000000000100033374023568LEONICE MAGALHAES LEAL                  RUA: MENDES FERREIRA N° 12 - SANTA TEREALAGOINHAS -48011270ALAGOINHAS     BAUNIAO UMB DOS CULTOS AFRO BRAS    28021810 000092
10231987175000168817800093673    00006692                     000066920000000000000109                     I016692      28021800000000035003410000017N271217104700000000000102802180000000000000000000000000000000000000000100009243432737SILVANA VENTURA DA SILVA                RUA: OUVIDIO ALMEIDA E SILVA Nº 17     BRIZAMAR - I23825710ITAGUAI        RJUNIAO UMB DOS CULTOS AFRO BRAS    28021810 000093
10231987175000168817800093673    00006691                     000066910000000000000109                     I016691      28021800000000035003410000017N271217104700000000000102802180000000000000000000000000000000000000000100003723310761RODRIGO CARDOSO DA CUNHA                EST: VELHA DE MARICA Nº 257 - BALDEADORNITEROI - RJ24140000NITEROI        RJUNIAO UMB DOS CULTOS AFRO BRAS    28021810 000094
10231987175000168817800093673    00006690                     000066900000000000000109                     I016690      28021800000000035003410000017N271217104700000000000102802180000000000000000000000000000000000000000100008451043739LUCY DE JESUS SOUZA                     TRAVESSA: FELICIO Nº 26                CASCADURA - 23825710RIO DE JANEIRO RJUNIAO UMB DOS CULTOS AFRO BRAS    28021810 000095
10231987175000168817800093673    00006689                     000066890000000000000109                     I016689      28021800000000035003410000017N271217104700000000000102802180000000000000000000000000000000000000000100002664636731ANA LUCIA GATTO                         RUA: DAS ESMERALDAS LOTE 14 QUADRA 142 -SAO GONCALO 24715602SAO GONCALO    RJUNIAO UMB DOS CULTOS AFRO BRAS    28021810 000096
10231987175000168817800093673    00006688                     000066880000000000000109                     I016688      28021800000000035003410000017N271217104700000000000102802180000000000000000000000000000000000000000100040090000749MARIA CONCEICAO CESAR MARQUES           RUA DOUTOR MANOEL MARREIROS, 635        PARANHOS - I21910080RIO DE JANEIRO RJUNIAO UMB DOS CULTOS AFRO BRAS    28021810 000097
10231987175000168817800093673    00006687                     000066870000000000000109                     I016687      28021800000000035003410000017N271217104700000000000102802180000000000000000000000000000000000000000100008646303799JULIO CESAR DE JESUS VEIGA              ESTRADA COMANDANTE LUIZ SOLTO, 139 - TANCOVANCA - JA22733040RIO DE JANEIRO RJUNIAO UMB DOS CULTOS AFRO BRAS    28021810 000098
10231987175000168817800093673    00006686                     000066860000000000000109                     I016686      28021800000000035003410000017N271217104700000000000102802180000000000000000000000000000000000000000100068309104715MARCIA CARVALHO DA SILVA NASCI          E-MAIL: ASVERA1950@GMAIL.COM            CARTA ANISTI26013110NOVA IGUACU    RJUNIAO UMB DOS CULTOS AFRO BRAS    28021810 000099
10231987175000168817800093673    00006685                     000066850000000000000109                     I016685      28021800000000035003410000017N271217104700000000000102802180000000000000000000000000000000000000000100007802202779ROBERTO DE OLIVEIRA ALONSO NET          RUA VEREADOR FRANCISCO NUNES, 1266 APTO CENTRO - NIL26540040NILOPOLIS      RJUNIAO UMB DOS CULTOS AFRO BRAS    28021810 000100
10231987175000168817800093673    00006684                     000066840000000000000109                     I016684      28021800000000035003410000017N271217104700000000000102802180000000000000000000000000000000000000000100008311073759ANDERSON DA ANUNCIACAO SILVA            RUA ROLDAO GONCALVES, 2571 CASA 1       CABRAL - NIL26520541NILOPOLIS      RJUNIAO UMB DOS CULTOS AFRO BRAS    28021810 000101
10231987175000168817800093673    00006683                     000066830000000000000109                     I016683      28021800000000035003410000017N271217104700000000000102802180000000000000000000000000000000000000000100008098163776LUIS CARLOS DA ROCHA MARTINS            RUA CORONEL TITO PORTO CARREIRO, 17     PACIENCIA - 23580010RIO DE JANEIRO RJUNIAO UMB DOS CULTOS AFRO BRAS    28021810 000102
10231987175000168817800093673    00006682                     000066820000000000000109                     I016682      28021800000000035003410000017N271217104700000000000102802180000000000000000000000000000000000000000100002871832706VILMA LUCI PENEDO DOS SANTOS            RUA OLINDA, SN QUADRA E LOTE 1          LAGOINHA - N26296453NOVA IGUACU    RJUNIAO UMB DOS CULTOS AFRO BRAS    28021810 000103
10231987175000168817800093673    00006681                     000066810000000000000109                     I016681      28021800000000035003410000017N271217104700000000000102802180000000000000000000000000000000000000000100018324860797ORLANDO ROCHA                           RUA EDUARDO CESAR MACHADO, 616          ANCHIETA - R21635140RIO DE JANEIRO RJUNIAO UMB DOS CULTOS AFRO BRAS    28021810 000104
10231987175000168817800093673    00006680                     000066800000000000000109                     I016680      28021800000000035003410000017N271217104700000000000102802180000000000000000000000000000000000000000100006927798705ROSA MARIA RICARDO PINTO                RUA JOAQUIM BESSA, 148 / RUA DOIS, 169  TRINDADE - S24210205SAO GONCALO    RJUNIAO UMB DOS CULTOS AFRO BRAS    28021810 000105
10231987175000168817800093673    00006679                     000066790000000000000109                     I016679      28021800000000035003410000017N271217104700000000000102802180000000000000000000000000000000000000000100043013350725CARLOS ALBERTO DUARTE                   RUA EUNAPIO DEIRO, 13                   REALENGO - R21710020RIO DE JANEIRO RJUNIAO UMB DOS CULTOS AFRO BRAS    28021810 000106
10231987175000168817800093673    00006678                     000066780000000000000109                     I016678      28021800000000035003410000017N271217104700000000000102802180000000000000000000000000000000000000000100043839312787GILDA MANOELA                           RUA CRISANTEMOS, LOTE 28 QUADRA 20      PRADOS VERDE26299039NOVA IGUACU    RJUNIAO UMB DOS CULTOS AFRO BRAS    28021810 000107
10231987175000168817800093673    00006677                     000066770000000000000109                     I016677      28021800000000035003410000017N271217104700000000000102802180000000000000000000000000000000000000000100011187294713RONAN RICARDO SANTOS DE ASSIS           RUA DOUTOR LUIZ GALDIER-LEI, 108        PENHA - RIO 21070100RIO DE JANEIRO RJUNIAO UMB DOS CULTOS AFRO BRAS    28021810 000108
10231987175000168817800093673    00006676                     000066760000000000000109                     I016676      28021800000000035003410000017N271217104700000000000102802180000000000000000000000000000000000000000100005243182710JACIRA HELENA MAURICIO ARRUDA           AVENIDA TENENTE REBELO, 531 / 104       IRAJA - RIO 21241460RIO DE JANEIRO RJUNIAO UMB DOS CULTOS AFRO BRAS    28021810 000109
10231987175000168817800093673    00006675                     000066750000000000000109                     I016675      28021800000000035003410000017N271217104700000000000102802180000000000000000000000000000000000000000100059475161791MARIA NAZARETE ALVES ANTONIO            TRAVESSA SANTOS DUMONT, 23 FUNDOS       ILHA DO GOVE21910490RIO DE JANEIRO RJUNIAO UMB DOS CULTOS AFRO BRAS    28021810 000110
10231987175000168817800093673    00006674                     000066740000000000000109                     I016674      28021800000000035003410000017N271217104700000000000102802180000000000000000000000000000000000000000100043224164700CLEUZA LORETTE GONCALVES                RUA EMILIA RIBEIRO, 91 A                BENTO RIBEIR21550530RIO DE JANEIRO RJUNIAO UMB DOS CULTOS AFRO BRAS    28021810 000111
10231987175000168817800093673    00006673                     000066730000000000000109                     I016673      28021800000000050003410000017N271217104700000000000102802180000000000000000000000000000000000000000100005215642710ROBERTA LIMA GRIJO                      RUA FLORANIA, 475                       VISTA ALEGRE21230700RIO DE JANEIRO RJUNIAO UMB DOS CULTOS AFRO BRAS    28021810 000112
10231987175000168817800093673    00006672                     000066720000000000000109                     I016672      28021800000000035003410000017N271217104700000000000102802180000000000000000000000000000000000000000100042956765787ARACILDA DOS SANTOS FREITAS             RUA BAHIA, 182 - COREIA                 JUSCELINO - 26556440RIO DE JANEIRO RJUNIAO UMB DOS CULTOS AFRO BRAS    28021810 000113
10231987175000168817800093673    00006671                     000066710000000000000109                     I016671      28021800000000035003410000017N271217104700000000000102802180000000000000000000000000000000000000000100002486800727MARCIA REGINA DA SILVA SANTOS           ESTRADA DO PORTO VELHO, 555 ENTRADA A CACORDOVIL - R21012140RIO DE JANEIRO RJUNIAO UMB DOS CULTOS AFRO BRAS    28021810 000114
10231987175000168817800093673    00006670                     000066700000000000000109                     I016670      28021800000000035003410000017N271217104700000000000102802180000000000000000000000000000000000000000100090285646753JORGE LUIZ SILVA ARAUJO                 RUA MANOEL FRANCISCO ALVES, 99          IMPOERADOR -25926346MAGE           RJUNIAO UMB DOS CULTOS AFRO BRAS    28021810 000115
10231987175000168817800093673    00006669                     000066690000000000000109                     I016669      28021800000000035003410000017N271217104700000000000102802180000000000000000000000000000000000000000100005215146730ALEX HIKL JACOB                         RUA SUELI, LOTE 11 QUADRA 9             PARQUE SAO J26193030BELFORD ROXO   RJUNIAO UMB DOS CULTOS AFRO BRAS    28021810 000116
10231987175000168817800093673    00006668                     000066680000000000000109                     I016668      28021800000000035003410000017N271217104700000000000102802180000000000000000000000000000000000000000100040215326768ANTONIO JOAQUIM DOS SANTOS FIL          RUA SAO FRANCISCO, 137 - CANTO DO RIO   SEROPEDICA -23890000RIO DE JANEIRO RJUNIAO UMB DOS CULTOS AFRO BRAS    28021810 000117
10231987175000168817800093673    00006667                     000066670000000000000109                     I016667      28021800000000035003410000017N271217104700000000000102802180000000000000000000000000000000000000000100007000973765SILVIA DAS GRACAS SANTANA               RUA NELIO CHAMBARELLI, 1 QUADRA K - JARDN.S.DE FATIM26313040RIO DE JANEIRO RJUNIAO UMB DOS CULTOS AFRO BRAS    28021810 000118
10231987175000168817800093673    00006664                     000066640000000000000109                     I016664      28021800000000035003410000017N271217104700000000000102802180000000000000000000000000000000000000000100004764270706FLAVIO AILTON BRAGA FERREIRA            RUA CABURI, 11                          ROCHA MIRAND21550050RIO DE JANEIRO RJUNIAO UMB DOS CULTOS AFRO BRAS    28021810 000119
10231987175000168817800093673    00006663                     000066630000000000000109                     I016663      28021800000000035003410000017N271217104700000000000102802180000000000000000000000000000000000000000100002046107705PAULO SERGIO MILITAO HENRIQUE           RUA VIENA, 41                           BRAS DE PINA21215350RIO DE JANEIRO RJUNIAO UMB DOS CULTOS AFRO BRAS    28021810 000120
10231987175000168817800093673    00006662                     000066620000000000000109                     I016662      28021800000000035003410000017N271217104700000000000102802180000000000000000000000000000000000000000100002575759790TERESA QUITA                            AVENIDA PRIMEIRO DE MAIO, 2786 GLEBA B  CHAPERO - IT23831350ITAGUAI        RJUNIAO UMB DOS CULTOS AFRO BRAS    28021810 000121
10231987175000168817800093673    00006661                     000066610000000000000109                     I016661      28021800000000035003410000017N271217104700000000000102802180000000000000000000000000000000000000000100060471859753MARLENE IBRAIN                          O MESMO                                 O MESMO     27971180MACAE          RJUNIAO UMB DOS CULTOS AFRO BRAS    28021810 000122
10231987175000168817800093673    00006660                     000066600000000000000109                     I016660      28021800000000035003410000017N271217104700000000000102802180000000000000000000000000000000000000000100065936957772ANTONIO CLAUDIO PEREIRA                 RUA RESTINGA, QUADRA 58 LOTE 6          MENDANHA - C23097650RIO DE JANEIRO RJUNIAO UMB DOS CULTOS AFRO BRAS    28021810 000123
10231987175000168817800093673    00006659                     000066590000000000000109                     I026659      28021800000000035003410000017N271217104700000000000102802180000000000000000000000000000000000000000100004245613793MARIA ELENA DA SILVA SANTOS             AVENIDA ENGENHEIRO SOUSA FILHO, 1176 CASITANHANGA - 22753053RIO DE JANEIRO RJUNIAO UMB DOS CULTOS AFRO BRAS    28021810 000124
10231987175000168817800093673    00006658                     000066580000000000000109                     I016658      28021800000000035003410000017N271217104700000000000102802180000000000000000000000000000000000000000100090085310700ROSANGELA VILELA FERREIRA               RUA MATURACA, 380 LOTE 19 QUADRA R 1    PENHA CIRCUL21210360RIO DE JANEIRO RJUNIAO UMB DOS CULTOS AFRO BRAS    28021810 000125
10231987175000168817800093673    00006657                     000066570000000000000109                     I016657      28021800000000035003410000017N271217104700000000000102802180000000000000000000000000000000000000000100089448712715ADELINA GONCALVES                       AVENIDA JOAQUIM CAMARA FERREIRA, 687    VILA KENEDY 21850180RIO DE JANEIRO RJUNIAO UMB DOS CULTOS AFRO BRAS    28021810 000126
10231987175000168817800093673    00006656                     000066560000000000000109                     I016656      28021800000000035003410000017N271217104700000000000102802180000000000000000000000000000000000000000100052417760797TANIA CRISTINA DOS SANTOS MORE          RUA NOVA ESPANHA, 235 - CAMPO ALEGRE    TRES MARIAS 26292327NOVA IGUACU    RJUNIAO UMB DOS CULTOS AFRO BRAS    28021810 000127
9                                                                                                                                                                                                                                                                                                                                                                                                         000128
