01REMESSA01COBRANCA       817800093673        União Umb dos Cultos Afro Bra341BANCO ITAU SA  230118                                                                                                                                                                                                                                                                                                      000001
10231987175000168817800093673    00009046                     000090460000000000000109                     I029046      31011800000000035003410000017N190118104700000000000103101180000000000000000000000000000000000000000100002134169729ALEXANDRE DE ALMEIDA                    RUA SERITINGA, 105 BLOCO 5 APTO 108 FUNDBRAS DE PINA21215480RIO DE JANEIRO RJUNIAO UMB DOS CULTOS AFRO BRAS    31011810 000002
10231987175000168817800093673    00009045                     000090450000000000000109                     I029045      31011800000000035003410000017N190118104700000000000103101180000000000000000000000000000000000000000100002134169729ALEXANDRE DE ALMEIDA                    RUA SERITINGA, 105 BLOCO 5 APTO 108 FUNDBRAS DE PINA21215480RIO DE JANEIRO RJUNIAO UMB DOS CULTOS AFRO BRAS    31011810 000003
10231987175000168817800093673    00008366                     000083660000000000000109                     I028366      28021800000000035003410000017N291217104700000000000102802180000000000000000000000000000000000000000100015116578712RAFAEL DE LIMA FALCAO                   RUA BARRA DO CHOCA N 63                 GUARATIBA - 23028510RIO DE JANEIRO RJUNIAO UMB DOS CULTOS AFRO BRAS    28021810 000004
10231987175000168817800093673    00008307                     000083070000000000000109                     I028307      28021800000000035003410000017N291217104700000000000102802180000000000000000000000000000000000000000100096322888749DAUREMA CONCEICAO DOCASAR SERA          RUA CORONEL SILVIO LISBOA DA CUNHA, 20  NOSSA SENHOR25964340TERESOPOLIS    RJUNIAO UMB DOS CULTOS AFRO BRAS    28021810 000005
10231987175000168817800093673    00008155                     000081550000000000000109                     I028155      28021800000000035003410000017N291217104700000000000102802180000000000000000000000000000000000000000100097181935704ANDREA MARTINS SANTANA                  RUA AMANDIU, 344                        IRAJA - RIO 21371440RIO DE JANEIRO RJUNIAO UMB DOS CULTOS AFRO BRAS    28021810 000006
10231987175000168817800093673    00008153                     000081530000000000000109                     I028153      28021800000000035003410000017N291217104700000000000102802180000000000000000000000000000000000000000100005736163705SONIA MARQUES DE OLIVEIRA               RUA AMERICO ALVES DA COSTA, LOTE 28 QUADPIRATININGA 24350350NITEROI        RJUNIAO UMB DOS CULTOS AFRO BRAS    28021810 000007
10231987175000168817800093673    00008139                     000081390000000000000109                     I028139      28021800000000035003410000017N291217104700000000000102802180000000000000000000000000000000000000000100096161736772EDILEA APARECIDA MATTOS                 RUA GERALDO MARTINS, 75 APTO 1504       ICARAI - NIT24220380NITEROI        RJUNIAO UMB DOS CULTOS AFRO BRAS    28021810 000008
10231987175000168817800093673    00008138                     000081380000000000000109                     I028138      28021800000000035003410000017N291217104700000000000102802180000000000000000000000000000000000000000100008676289794ROSANGELA MONTES BARBOSA DA SI          RUA MENDEL CARDOSO DE MATOS, 7          CONJ. BOA ES26297009NOVA IGUACU    RJUNIAO UMB DOS CULTOS AFRO BRAS    28021810 000009
10231987175000168817800093673    00008117                     000081170000000000000109                     I028117      28021800000000035003410000017N291217104700000000000102802180000000000000000000000000000000000000000100053112032772SERGIO RITO FRANCISCO DA SILVA          AV JOAO XXIII RUA 17, 148 CASA 1 E 2    CONJ. NOVO M23565230RIO DE JANEIRO RJUNIAO UMB DOS CULTOS AFRO BRAS    28021810 000010
10231987175000168817800093673    00008096                     000080960000000000000109                     I028096      28021800000000035003410000017N291217104700000000000102802180000000000000000000000000000000000000000100008228737700JOCEMAR VIANA TORRES                    RUA LORETO DO COUTO, 281                GUADALUPE   21675520RIO DE JANEIRO RJUNIAO UMB DOS CULTOS AFRO BRAS    28021810 000011
10231987175000168817800093673    00008013                     000080130000000000000109                     I028013      28021800000000035003410000017N291217104700000000000102802180000000000000000000000000000000000000000100000129820750JONAS DE SOUZA FERREIRA                 RUA RIACHO DOCE N 88                    OSWALDO CRUZ21340340RIO DE JANEIRO RJUNIAO UMB DOS CULTOS AFRO BRAS    28021810 000012
10231987175000168817800093673    00007950                     000079500000000000000109                     I027950      28021800000000035003410000017N291217104700000000000102802180000000000000000000000000000000000000000100059463376704MARIA DA PENHA AZEVEDO SANTOS           RUA ITABIRA, 784                        VILA ITAMARA25070260DUQUE DE CAXIASRJUNIAO UMB DOS CULTOS AFRO BRAS    28021810 000013
10231987175000168817800093673    00007917                     000079170000000000000109                     I027917      28021800000000035003410000017N291217104700000000000102802180000000000000000000000000000000000000000100010120070731GABRIEL LAERTE DA SILVA                 ESTRADA DE MADUREIRA, 2025              MARIPICU - N26365220NOVA IGUACU    RJUNIAO UMB DOS CULTOS AFRO BRAS    28021810 000014
10231987175000168817800093673    00007898                     000078980000000000000109                     I027898      28021800000000035003410000017N291217104700000000000102802180000000000000000000000000000000000000000100000259523747MONICA VALERIA DE JESUS OLIVEI          RUA IANDU, 63                           IRAJA - RJ  21220340RIO DE JANEIRO RJUNIAO UMB DOS CULTOS AFRO BRAS    28021810 000015
10231987175000168817800093673    00007307                     000073070000000000000109                     I027307      28021800000000035003410000017N271217104700000000000102802180000000000000000000000000000000000000000100012519709740KARINE NOVAIS DE ANDRADE                O MESMO                                 O MESMO     22780610RIO DE JANEIRO RJUNIAO UMB DOS CULTOS AFRO BRAS    28021810 000016
10231987175000168817800093673    00007272                     000072720000000000000109                     I027272      28021800000000035003410000017N271217104700000000000102802180000000000000000000000000000000000000000100045672512704MARLUCIA AMADOR DO SERRO PINTO          RUA MARTHA ALCANTARA FARES              MARIA ANGELI25940000GUAPIMIRIM     RJUNIAO UMB DOS CULTOS AFRO BRAS    28021810 000017
10231987175000168817800093673    00007202                     000072020000000000000109                     I027202      28021800000000035003410000017N271217104700000000000102802180000000000000000000000000000000000000000100005828675761THAYS DE FATIMA FERREIRA GOMES          ESTRADA GENERAL AFONSO DE CARVALHO N 989PADRE MIGUEL21725020RIO DE JANEIRO RJUNIAO UMB DOS CULTOS AFRO BRAS    28021810 000018
10231987175000168817800093673    00007055                     000070550000000000000109                     I027055      28021800000000035003410000017N271217104700000000000102802180000000000000000000000000000000000000000100004150910715IVONICE DA CONCEICAO                    AVENIDA DON HELDER CAMARA N 6789 CASA 15PILARES - RI20751000RIO DE JANEIRO RJUNIAO UMB DOS CULTOS AFRO BRAS    28021810 000019
10231987175000168817800093673    00006943                     000069430000000000000109                     I026943      28021800000000035003410000017N271217104700000000000102802180000000000000000000000000000000000000000100095055606720MATILDES VIANA DA COSTA                 RUA MANUEL NOGUEIRA, 312                MUTUA - SAO 24460380SAO GONCALO    RJUNIAO UMB DOS CULTOS AFRO BRAS    28021810 000020
10231987175000168817800093673    00006674                     000066740000000000000109                     I026674      28021800000000035003410000017N271217104700000000000102802180000000000000000000000000000000000000000100043224164700CLEUZA LORETTE GONCALVES                RUA EMILIA RIBEIRO, 91 A                BENTO RIBEIR21550530RIO DE JANEIRO RJUNIAO UMB DOS CULTOS AFRO BRAS    28021810 000021
10231987175000168817800093673    00006635                     000066350000000000000109                     I026635      28021800000000035003410000017N271217104700000000000102802180000000000000000000000000000000000000000100004523584770LUIZ FERNANDES HASSELMANN               ESTRADA PROENCA, LOTE 3 QUADRA B N      ENGENHEIRO P26475520RIO DE JANEIRO RJUNIAO UMB DOS CULTOS AFRO BRAS    28021810 000022
10231987175000168817800093673    00006551                     000065510000000000000109                     I026551      28021800000000035003410000017N271217104700000000000102802180000000000000000000000000000000000000000100088046060704NATALINA DE JESUS PEREIRA DE O          RUA SAPOPEMBA N 524                     BENTO RIBEIR21331240RIO DE JANEIRO RJUNIAO UMB DOS CULTOS AFRO BRAS    28021810 000023
10231987175000168817800093673    00006326                     000063260000000000000109                     I026326      28021800000000035003410000017N271217104700000000000102802180000000000000000000000000000000000000000100004151403744ANDRE DOMINGOS NUNES                    RUA ISAC MADEIRA N 127                  SEPETIBA - R23535801RIO DE JANEIRO RJUNIAO UMB DOS CULTOS AFRO BRAS    28021810 000024
10231987175000168817800093673    00006313                     000063130000000000000109                     I026313      28021800000000035003410000017N271217104700000000000102802180000000000000000000000000000000000000000100049586254704ALZIRA MARIA CHAVES DA SILVA            RUA AMANAJO N 677                       BANGU - RIO 21820210RIO DE JANEIRO RJUNIAO UMB DOS CULTOS AFRO BRAS    28021810 000025
10231987175000168817800093673    00006239                     000062390000000000000109                     I026239      28021800000000035003410000017N271217104700000000000102802180000000000000000000000000000000000000000100063441314700AMARA DE CARVALHO DANIEL                RUA FREDERICO LEAL N 146 CASA 2         BANGU - RIO 21825110RIO DE JANEIRO RJUNIAO UMB DOS CULTOS AFRO BRAS    28021810 000026
10231987175000168817800093673    00006069                     000060690000000000000109                     I026069      31011800000000035003410000017N261217104700000000000103101180000000000000000000000000000000000000000100007459837741LUIZ CARLOS CARDOSO                     O MESMO                                 O MESMO     25917040MAGE           RJUNIAO UMB DOS CULTOS AFRO BRAS    31011810 000027
10231987175000168817800093673    00006058                     000060580000000000000109                     I026058      31011800000000035003410000017N261217104700000000000103101180000000000000000000000000000000000000000100012519709740KARINE NOVAIS DE ANDRADE                O MESMO                                 O MESMO     22780610RIO DE JANEIRO RJUNIAO UMB DOS CULTOS AFRO BRAS    31011810 000028
10231987175000168817800093673    00006022                     000060220000000000000109                     I026022      31011800000000035003410000017N261217104700000000000103101180000000000000000000000000000000000000000100045672512704MARLUCIA AMADOR DO SERRO PINTO          RUA MARTHA ALCANTARA FARES              MARIA ANGELI25940000GUAPIMIRIM     RJUNIAO UMB DOS CULTOS AFRO BRAS    31011810 000029
10231987175000168817800093673    00005952                     000059520000000000000109                     I025952      31011800000000035003410000017N261217104700000000000103101180000000000000000000000000000000000000000100005828675761THAYS DE FATIMA FERREIRA GOMES          ESTRADA GENERAL AFONSO DE CARVALHO N 989PADRE MIGUEL21725020RIO DE JANEIRO RJUNIAO UMB DOS CULTOS AFRO BRAS    31011810 000030
10231987175000168817800093673    00005805                     000058050000000000000109                     I025805      31011800000000035003410000017N261217104700000000000103101180000000000000000000000000000000000000000100004150910715IVONICE DA CONCEICAO                    AVENIDA DON HELDER CAMARA N 6789 CASA 15PILARES - RI20751000RIO DE JANEIRO RJUNIAO UMB DOS CULTOS AFRO BRAS    31011810 000031
10231987175000168817800093673    00005693                     000056930000000000000109                     I025693      31011800000000035003410000017N261217104700000000000103101180000000000000000000000000000000000000000100095055606720MATILDES VIANA DA COSTA                 RUA MANUEL NOGUEIRA, 312                MUTUA - SAO 24460380SAO GONCALO    RJUNIAO UMB DOS CULTOS AFRO BRAS    31011810 000032
10231987175000168817800093673    00005496                     000054960000000000000109                     I025496      31011800000000035003410000017N261217104700000000000103101180000000000000000000000000000000000000000100005776594723WALACE RODRIGUES                        ESTRADA: DOS TEIXEIRAS Nº 405, RUA 4 CATAQUARA - JA22423205RIO DE JANEIRO RJUNIAO UMB DOS CULTOS AFRO BRAS    31011810 000033
10231987175000168817800093673    00005432                     000054320000000000000109                     I025432      31011800000000035003410000017N261217104700000000000103101180000000000000000000000000000000000000000100002871832706VILMA LUCI PENEDO DOS SANTOS            RUA OLINDA, SN QUADRA E LOTE 1          LAGOINHA - N26296453NOVA IGUACU    RJUNIAO UMB DOS CULTOS AFRO BRAS    31011810 000034
10231987175000168817800093673    00005424                     000054240000000000000109                     I025424      31011800000000035003410000017N261217104700000000000103101180000000000000000000000000000000000000000100043224164700CLEUZA LORETTE GONCALVES                RUA EMILIA RIBEIRO, 91 A                BENTO RIBEIR21550530RIO DE JANEIRO RJUNIAO UMB DOS CULTOS AFRO BRAS    31011810 000035
10231987175000168817800093673    00005385                     000053850000000000000109                     I025385      31011800000000035003410000017N261217104700000000000103101180000000000000000000000000000000000000000100004523584770LUIZ FERNANDES HASSELMANN               ESTRADA PROENCA, LOTE 3 QUADRA B N      ENGENHEIRO P26475520RIO DE JANEIRO RJUNIAO UMB DOS CULTOS AFRO BRAS    31011810 000036
10231987175000168817800093673    00005301                     000053010000000000000109                     I025301      31011800000000035003410000017N261217104700000000000103101180000000000000000000000000000000000000000100088046060704NATALINA DE JESUS PEREIRA DE O          RUA SAPOPEMBA N 524                     BENTO RIBEIR21331240RIO DE JANEIRO RJUNIAO UMB DOS CULTOS AFRO BRAS    31011810 000037
10231987175000168817800093673    00005208                     000052080000000000000109                     I025208      31011800000000035003410000017N261217104700000000000103101180000000000000000000000000000000000000000100080499306724ANA CLAUDIA DE SOUZA RODRIGUES          RUA CRAVEIRO DE SA,183                  PARADA DE LU21250490RIO DE JANEIRO RJUNIAO UMB DOS CULTOS AFRO BRAS    31011810 000038
10231987175000168817800093673    00005159                     000051590000000000000109                     I025159      31011800000000035003410000017N261217104700000000000103101180000000000000000000000000000000000000000100097226165791CELSO MATTOS FERREIRA                   RUA SETENTA E UM, LOTE 1 QUADRA 86      CAMPO GRANDE23097535RIO DE JANEIRO RJUNIAO UMB DOS CULTOS AFRO BRAS    31011810 000039
10231987175000168817800093673    00005079                     000050790000000000000109                     I025079      31011800000000035003410000017N261217104700000000000103101180000000000000000000000000000000000000000100003341741738CASSIA GOMES CASTORINO                  RUA: COMENDADOR CRISOSTEMO CRUZ LOTE 13 STª MARIA -26165400BELFORD ROXO   RJUNIAO UMB DOS CULTOS AFRO BRAS    31011810 000040
10231987175000168817800093673    00005076                     000050760000000000000109                     I345076      31011800000000035003410000017N261217104700000000000103101180000000000000000000000000000000000000000100004151403744ANDRE DOMINGOS NUNES                    RUA ISAC MADEIRA N 127                  SEPETIBA - R23535801RIO DE JANEIRO RJUNIAO UMB DOS CULTOS AFRO BRAS    31011810 000041
10231987175000168817800093673    00005063                     000050630000000000000109                     I025063      31011800000000035003410000017N261217104700000000000103101180000000000000000000000000000000000000000100049586254704ALZIRA MARIA CHAVES DA SILVA            RUA AMANAJO N 677                       BANGU - RIO 21820210RIO DE JANEIRO RJUNIAO UMB DOS CULTOS AFRO BRAS    31011810 000042
10231987175000168817800093673    00004989                     000049890000000000000109                     I024989      31011800000000035003410000017N261217104700000000000103101180000000000000000000000000000000000000000100063441314700AMARA DE CARVALHO DANIEL                RUA FREDERICO LEAL N 146 CASA 2         BANGU - RIO 21825110RIO DE JANEIRO RJUNIAO UMB DOS CULTOS AFRO BRAS    31011810 000043
10231987175000168817800093673    00004867                     000048670000000000000109                     I024867      31011800000000035003410000017N261217104700000000000103101180000000000000000000000000000000000000000100050713558768ANILSON DA SILVA                        TRAVESSA HELENA, CASA 19 ENTRADA 217    REALENGO - R21760620RIO DE JANEIRO RJUNIAO UMB DOS CULTOS AFRO BRAS    31011810 000044
10231987175000168817800093673    00004866                     000048660000000000000109                     I344866      31011800000000035003410000017N261217104700000000000103101180000000000000000000000000000000000000000100066564689772CARLOS DE ARAUJO RIBEIRO                RUA DIVISORIA, 235                      BENTO RIBEIR21331250RIO DE JANEIRO RJUNIAO UMB DOS CULTOS AFRO BRAS    31011810 000045
10231987175000168817800093673    00004683                     000046830000000000000109                     I024683      30121700000000035003410000017N301117104700000000000103012170000000000000000000000000000000000000000100004151403744ANDRE DOMINGOS NUNES                    RUA ISAC MADEIRA N 127                  SEPETIBA - R23535801RIO DE JANEIRO RJUNIAO UMB DOS CULTOS AFRO BRAS    30121710 000046
10231987175000168817800093673    00004682                     000046820000000000000109                     I024682      20121700000000350003410000017N301117104700000000000102012170000000000000000000000000000000000000000100004151403744ANDRE DOMINGOS NUNES                    RUA ISAC MADEIRA N 127                  SEPETIBA - R23535801RIO DE JANEIRO RJUNIAO UMB DOS CULTOS AFRO BRAS    20121710 000047
10231987175000168817800093673    00001051                     000010510000000000000109                     I021051      20121700000000340003410000017N241017104700000000000102012170000000000000000000000000000000000000000100010120070731GABRIEL LAERTE DA SILVA                 ESTRADA DE MADUREIRA, 2025              MARIPICU - N26365220NOVA IGUACU    RJUNIAO UMB DOS CULTOS AFRO BRAS    20121710 000048
10231987175000168817800093673    0000943                      000009430000000000000109                     I02943       20121700000000340003410000017N171017104700000000000102012170000000000000000000000000000000000000000100015116578712RAFAEL DE LIMA FALCAO                   RUA BARRA DO CHOCA N 63                 GUARATIBA - 23028510RIO DE JANEIRO RJUNIAO UMB DOS CULTOS AFRO BRAS    20121710 000049
10231987175000168817800093673    0000907                      000009070000000000000109                     I02907       20121700000000400003410000017N171017104700000000000102012170000000000000000000000000000000000000000100096322888749DAUREMA CONCEICAO DOCASAR SERA          RUA CORONEL SILVIO LISBOA DA CUNHA, 20  NOSSA SENHOR25964340TERESOPOLIS    RJUNIAO UMB DOS CULTOS AFRO BRAS    20121710 000050
10231987175000168817800093673    0000874                      000008740000000000000109                     I02874       20121700000000340003410000017N171017104700000000000102012170000000000000000000000000000000000000000100097181935704ANDREA MARTINS SANTANA                  RUA AMANDIU, 344                        IRAJA - RIO 21371440RIO DE JANEIRO RJUNIAO UMB DOS CULTOS AFRO BRAS    20121710 000051
10231987175000168817800093673    0000871                      000008710000000000000109                     I02871       20121700000000340003410000017N171017104700000000000102012170000000000000000000000000000000000000000100005736163705SONIA MARQUES DE OLIVEIRA               RUA AMERICO ALVES DA COSTA, LOTE 28 QUADPIRATININGA 24350350NITEROI        RJUNIAO UMB DOS CULTOS AFRO BRAS    20121710 000052
10231987175000168817800093673    0000834                      000008340000000000000109                     I02834       20121700000000340003410000017N171017104700000000000102012170000000000000000000000000000000000000000100096161736772EDILEA APARECIDA MATTOS                 RUA GERALDO MARTINS, 75 APTO 1504       ICARAI - NIT24220380NITEROI        RJUNIAO UMB DOS CULTOS AFRO BRAS    20121710 000053
10231987175000168817800093673    0000833                      000008330000000000000109                     I02833       20121700000000340003410000017N171017104700000000000102012170000000000000000000000000000000000000000100008676289794ROSANGELA MONTES BARBOSA DA SI          RUA MENDEL CARDOSO DE MATOS, 7          CONJ. BOA ES26297009NOVA IGUACU    RJUNIAO UMB DOS CULTOS AFRO BRAS    20121710 000054
10231987175000168817800093673    0000796                      000007960000000000000109                     I02796       25011800000000300003410000017N171017104700000000000102501180000000000000000000000000000000000000000100053112032772SERGIO RITO FRANCISCO DA SILVA          AV JOAO XXIII RUA 17, 148 CASA 1 E 2    CONJ. NOVO M23565230RIO DE JANEIRO RJUNIAO UMB DOS CULTOS AFRO BRAS    25011810 000055
10231987175000168817800093673    0000659                      000006590000000000000109                     I34659       20121700000000340003410000017N171017104700000000000102012170000000000000000000000000000000000000000100059463376704MARIA DA PENHA AZEVEDO SANTOS           RUA ITABIRA, 784                        VILA ITAMARA25070260DUQUE DE CAXIASRJUNIAO UMB DOS CULTOS AFRO BRAS    20121710 000056
10231987175000168817800093673    0000638                      000006380000000000000109                     I02638       20121700000000340003410000017N171017104700000000000102012170000000000000000000000000000000000000000100000259523747MONICA VALERIA DE JESUS OLIVEI          RUA IANDU, 63                           IRAJA - RJ  21220340RIO DE JANEIRO RJUNIAO UMB DOS CULTOS AFRO BRAS    20121710 000057
10231987175000168817800093673    0000511                      000005110000000000000109                     I02511       20121700000000400003410000017N101017104700000000000102012170000000000000000000000000000000000000000100096322888749DAUREMA CONCEICAO DOCASAR SERA          RUA CORONEL SILVIO LISBOA DA CUNHA, 20  NOSSA SENHOR25964340TERESOPOLIS    RJUNIAO UMB DOS CULTOS AFRO BRAS    20121710 000058
9                                                                                                                                                                                                                                                                                                                                                                                                         000059
