01REMESSA01COBRANCA       916200163100        União Umb dos Cultos Afro Bra341BANCO ITAU SA  130519                                                                                                                                                                                                                                                                                                      000001
10231987175000168916200163100    000045270                    000452700000000000000109                     I0145270     20051900000000040003410000017N130519105700000000000102005190000000000000000000000000000000000000000100076896960744MARIA LUCIA DE OLIVEIRA NUNES           AVENIDA DO CORRETOR N 116,              VILA ALIANCA21842340RIO DE JANEIRO RJUNIAO UMB DOS CULTOS AFRO BRAS    20051915 000002
10231987175000168916200163100    000045269                    000452690000000000000109                     I0145269     30051900000000200003410000017N130519105700000000000103005190000000000000000000000000000000000000000100064817008768MARINEIDE JOSE DOS SANTOS DA S          RUA MARINGA  N 30, QUADRA 8 CASA 1      CAMORIM     26311100QUEIMADOS      RJUNIAO UMB DOS CULTOS AFRO BRAS    30051915 000003
10231987175000168916200163100    000045268                    000452680000000000000109                     I0145268     30051900000000040003410000017N130519105700000000000103005190000000000000000000000000000000000000000100042897297700JOSE CARLOS LOUREIRO CORTEZ             RUA JOAO LUSON 215,                     REALENGO    21765620RIO DE JANEIRO RJUNIAO UMB DOS CULTOS AFRO BRAS    30051915 000004
10231987175000168916200163100    000045267                    000452670000000000000109                     I0145267     20051900000000040003410000017N130519105700000000000102005190000000000000000000000000000000000000000100042897297700JOSE CARLOS LOUREIRO CORTEZ             RUA JOAO LUSON 215,                     REALENGO    21765620RIO DE JANEIRO RJUNIAO UMB DOS CULTOS AFRO BRAS    20051915 000005
10231987175000168916200163100    000045266                    000452660000000000000109                     I0145266     20051900000000040003410000017N130519105700000000000102005190000000000000000000000000000000000000000100042897297700JOSE CARLOS LOUREIRO CORTEZ             RUA JOAO LUSON 215,                     REALENGO    21765620RIO DE JANEIRO RJUNIAO UMB DOS CULTOS AFRO BRAS    20051915 000006
10231987175000168916200163100    000045265                    000452650000000000000109                     I0145265     05061900000000250003410000017N130519105700000000000100506190000000000000000000000000000000000000000100007120562703JANETE RIBEIRO DE ALMEIDA               RUA MARIA TEREZA N 90,                  CABUCU      26347030NOVA IGUACU    RJUNIAO UMB DOS CULTOS AFRO BRAS    05061915 000007
10231987175000168916200163100    000045264                    000452640000000000000109                     I0145264     20051900000000080003410000017N130519105700000000000102005190000000000000000000000000000000000000000100070175225753LEDA FERREIRA FIGUEIREDO                RUA JABORANDIN 94,                      BENTO RIBEIR21331420RIO DE JANEIRO RJUNIAO UMB DOS CULTOS AFRO BRAS    20051915 000008
10231987175000168916200163100    000044502                    000445020000000000000109                     I0244502     30061900000000040003410000017N130319105700000000000103006190000000000000000000000000000000000000000100002596126770ANA CRISTINA DA CRUZ                    RUA: DARCI VARGASN 0, LOTE 3            SEPETIBA    23540090RIO DE JANEIRO RJUNIAO UMB DOS CULTOS AFRO BRAS    30061915 000009
10231987175000168916200163100    000043781                    000437810000000000000109                     I0243781     30061900000000040003410000017N130319105700000000000103006190000000000000000000000000000000000000000100074338960744GILBERTO JORGE DA CRUZ ARAUJO           RUA SAO FRANCISCO XAVIERN 39, APTº 703 TIJUCA      20550010RIO DE JANEIRO RJUNIAO UMB DOS CULTOS AFRO BRAS    30061915 000010
10231987175000168916200163100    000043493                    000434930000000000000109                     I0243493     30061900000000040003410000017N130319105700000000000103006190000000000000000000000000000000000000000100003032482704ADELAIDE ALVES DE OLIVEIRA MIR          ESTRADA DA PACIENCIAN 36,               VILAR DOS TE25561060RIO DE JANEIRO RJUNIAO UMB DOS CULTOS AFRO BRAS    30061915 000011
10231987175000168916200163100    000043476                    000434760000000000000109                     I0243476     30061900000000040003410000017N130319105700000000000103006190000000000000000000000000000000000000000100088407721700CELSO DE OLIVEIRA ALBUQUERQUE           RUA ANHANGUERA N 0,  LOTE 50 QUADRA 11  SAO BERNARDO26160660BELFORD ROXO   RJUNIAO UMB DOS CULTOS AFRO BRAS    30061915 000012
10231987175000168916200163100    000043043                    000430430000000000000109                     I0243043     30051900000000040003410000017N130319105700000000000103005190000000000000000000000000000000000000000100002414887702MARGARETH MARIA DA SILVA GONCA          RUA: SEBASTIAO DE CARVALHON 158,        RAMOS       21061670RIO DE JANEIRO RJUNIAO UMB DOS CULTOS AFRO BRAS    30051915 000013
10231987175000168916200163100    000041833                    000418330000000000000109                     I0241833     30051900000000040003410000017N130319105700000000000103005190000000000000000000000000000000000000000100088407721700CELSO DE OLIVEIRA ALBUQUERQUE           RUA ANHANGUERA N 0,  LOTE 50 QUADRA 11  SAO BERNARDO26160660BELFORD ROXO   RJUNIAO UMB DOS CULTOS AFRO BRAS    30051915 000014
10231987175000168916200163100    000041401                    000414010000000000000109                     I0241401     30041900000000040003410000017N120319105700000000000103004190000000000000000000000000000000000000000100002414887702MARGARETH MARIA DA SILVA GONCA          RUA: SEBASTIAO DE CARVALHON 158,        RAMOS       21061670RIO DE JANEIRO RJUNIAO UMB DOS CULTOS AFRO BRAS    30041915 000015
10231987175000168916200163100    000040870                    000408700000000000000109                     I0240870     30041900000000040003410000017N120319105700000000000103004190000000000000000000000000000000000000000100010591612739ROSEMERE SOUZA DA SILVA                 RUA OURO BRANCON 1525, BLOCO 24 B APT 20VISTA ALEGRE21230354RIO DE JANEIRO RJUNIAO UMB DOS CULTOS AFRO BRAS    30041915 000016
10231987175000168916200163100    000040789                    000407890000000000000109                     I0240789     30041900000000040003410000017N120319105700000000000103004190000000000000000000000000000000000000000100070175225753LEDA FERREIRA FIGUEIREDO                RUA JABORANDIN 94,                      BENTO RIBEIR21331420RIO DE JANEIRO RJUNIAO UMB DOS CULTOS AFRO BRAS    30041915 000017
10231987175000168916200163100    000040200                    000402000000000000000109                     I0240200     30041900000000040003410000017N120319105700000000000103004190000000000000000000000000000000000000000100088407721700CELSO DE OLIVEIRA ALBUQUERQUE           RUA ANHANGUERA N 0,  LOTE 50 QUADRA 11  SAO BERNARDO26160660BELFORD ROXO   RJUNIAO UMB DOS CULTOS AFRO BRAS    30041915 000018
9                                                                                                                                                                                                                                                                                                                                                                                                         000019
