01REMESSA01COBRANCA       916200163100        União Umb dos Cultos Afro Bra341BANCO ITAU SA  250418                                                                                                                                                                                                                                                                                                      000001
10231987175000168916200163100    000014417                    000144170000000000000109                     I3414417     30041800000000245003410000017N180418104700000000000103004180000000000000000000000000000000000000000100071002782791ELIANE PIRES SOUZA                      RUA IBITINGA LT 9 QD 3 - PRQ S BERNARDO O MESMO     26167160BELFORD ROXO   RJUNIAO UMB DOS CULTOS AFRO BRAS    30041810 000002
10231987175000168916200163100    000014402                    000144020000000000000109                     I0214402     20041800000000070003410000017N150418104700000000000102004180000000000000000000000000000000000000000100081561326704MARCIO ELIAS GONCALVES                  RUA: NOVA Nº 654-A - GUARATIBA         CAMPO GRANDE21820210RIO DE JANEIRO RJUNIAO UMB DOS CULTOS AFRO BRAS    20041810 000003
10231987175000168916200163100    000014044                    000140440000000000000109                     I0214044     30031800000000035003410000017N260218104700000000000103003180000000000000000000000000000000000000000100003159130452VICENTE FELICIO DA SILVA                RUA LUIZA NEOFILA PIMENTA, 156          ALTO DA CAPE59680000CAMPO GRANDE   RNUNIAO UMB DOS CULTOS AFRO BRAS    30031810 000004
10231987175000168916200163100    00008787                     000087870000000000000109                     I028787      31011800000000035003410000017N020118104700000000000103101180000000000000000000000000000000000000000100011648306780PEDRO HENRIQUE MARQUES RODRIGU          ESTRADA JOSE GOMES DA COSTA JUNIOR, 2475POSSE - TERE25973003TERESOPOLIS    RJUNIAO UMB DOS CULTOS AFRO BRAS    31011810 000005
10231987175000168916200163100    00008556                     000085560000000000000109                     I028556      31011800000000035003410000017N020118104700000000000103101180000000000000000000000000000000000000000100062188739787MARIO MACHADO DA CAMARA BRAZAO          RUA ALDEMAR PAIVA N 138                 BADU - PENDO24320230NITEROI        RJUNIAO UMB DOS CULTOS AFRO BRAS    31011810 000006
10231987175000168916200163100    00004316                     000043160000000000000109                     I024316      22121700000000350003410000017N171117104700000000000102212170000000000000000000000000000000000000000100069865752700HUGO MAGALHAES PEREIRA FILHO            RUA BAGDA, 70                           PANTANAL - D25040400DUQUE DE CAXIASRJUNIAO UMB DOS CULTOS AFRO BRAS    22121710 000007
10231987175000168916200163100    00004231                     000042310000000000000109                     I024231      22121700000000350003410000017N171117104700000000000102212170000000000000000000000000000000000000000100089209001753ALDIR TEIXEIRA DE SOUZA                 RUA BELO HORIZONTE, 381                 BANGU - RIO 21815141RIO DE JANEIRO RJUNIAO UMB DOS CULTOS AFRO BRAS    22121710 000008
10231987175000168916200163100    00004061                     000040610000000000000109                     I024061      22121700000000350003410000017N171117104700000000000102212170000000000000000000000000000000000000000100013814528760TIAGO FRANCISLEI PEREIRA REALI          O MESMO                                 O MESMO     24115260BARRA DO PIRAI RJUNIAO UMB DOS CULTOS AFRO BRAS    22121710 000009
10231987175000168916200163100    00004055                     000040550000000000000109                     I024055      22121700000000350003410000017N171117104700000000000102212170000000000000000000000000000000000000000100092952364753ROSANGELA SILVA SOUZA                   RUA TAMOIOS N 144                       CENTRO - NIL26520250NILOPOLIS      RJUNIAO UMB DOS CULTOS AFRO BRAS    22121710 000010
10231987175000168916200163100    00003781                     000037810000000000000109                     I023781      22121700000000350003410000017N171117104700000000000102212170000000000000000000000000000000000000000100083762507791LOURIZETE SANTOS DA SILVA LEIT          RUA MARIA RITA                          PORTO NOVO -24431740SAO GONCALO    RJUNIAO UMB DOS CULTOS AFRO BRAS    22121710 000011
10231987175000168916200163100    00003552                     000035520000000000000109                     I023552      22121700000000350003410000017N171117104700000000000102212170000000000000000000000000000000000000000100009443831732RAFAEL LUIZ SOARES FERREIRA             RUA COMANDANTE COELHO, 647              CORDOVIL - R21250510RIO DE JANEIRO RJUNIAO UMB DOS CULTOS AFRO BRAS    22121710 000012
10231987175000168916200163100    00002864                     000028640000000000000109                     I022864      31121700000000035003410000017N131117104700000000000103112170000000000000000000000000000000000000000100069865752700HUGO MAGALHAES PEREIRA FILHO            RUA BAGDA, 70                           PANTANAL - D25040400DUQUE DE CAXIASRJUNIAO UMB DOS CULTOS AFRO BRAS    31121710 000013
10231987175000168916200163100    00002778                     000027780000000000000109                     I022778      31121700000000035003410000017N131117104700000000000103112170000000000000000000000000000000000000000100089209001753ALDIR TEIXEIRA DE SOUZA                 RUA BELO HORIZONTE, 381                 BANGU - RIO 21815141RIO DE JANEIRO RJUNIAO UMB DOS CULTOS AFRO BRAS    31121710 000014
10231987175000168916200163100    00002749                     000027490000000000000109                     I022749      31121700000000035003410000017N131117104700000000000103112170000000000000000000000000000000000000000100003159130452VICENTE FELICIO DA SILVA                RUA LUIZA NEOFILA PIMENTA, 156          ALTO DA CAPE59680000CAMPO GRANDE   RNUNIAO UMB DOS CULTOS AFRO BRAS    31121710 000015
10231987175000168916200163100    00002186                     000021860000000000000109                     I022186      31121700000000035003410000017N131117104700000000000103112170000000000000000000000000000000000000000100001457331730MIRIAN ANSELMO DE SOUZA SANTOS          RUA CRISTIANO OTONI, LT 25 QD 1         ALMERINDA - 24740004SAO GONCALO    RJUNIAO UMB DOS CULTOS AFRO BRAS    31121710 000016
10231987175000168916200163100    00002128                     000021280000000000000109                     I022128      31121700000000035003410000017N131117104700000000000103112170000000000000000000000000000000000000000100064431002715SERGIO MURILO ALVES PEREIRA             RUA ROCHA, LOTE 4 QUADRA 4 CASA 2       JARDIM BONIF25565161SAO JOAO DE MERRJUNIAO UMB DOS CULTOS AFRO BRAS    31121710 000017
10231987175000168916200163100    00002062                     000020620000000000000109                     I022062      31121700000000035003410000017N131117104700000000000103112170000000000000000000000000000000000000000100009443831732RAFAEL LUIZ SOARES FERREIRA             RUA COMANDANTE COELHO, 647              CORDOVIL - R21250510RIO DE JANEIRO RJUNIAO UMB DOS CULTOS AFRO BRAS    31121710 000018
10231987175000168916200163100    00001850                     000018500000000000000109                     I021850      31121700000000035003410000017N131117104700000000000103112170000000000000000000000000000000000000000100071002782791ELIANE PIRES SOUZA                      RUA IBITINGA LT 9 QD 3 - PRQ S BERNARDO O MESMO     26167160BELFORD ROXO   RJUNIAO UMB DOS CULTOS AFRO BRAS    31121710 000019
9                                                                                                                                                                                                                                                                                                                                                                                                         000020
