01REMESSA01COBRANCA       817800093673        União Umb dos Cultos Afro Bra341BANCO ITAU SA  290418                                                                                                                                                                                                                                                                                                      000001
10231987175000168817800093673    000014442                    000144420000000000000109                     I0114442     10051800000000105003410000017N280418104700000000000101005180000000000000000000000000000000000000000100002248004770ROSANE ALVES DE AZEVEDO                 RUA W, 14 LOTE 180 CASA 1               LAGOMAR - MA27970130MACAE          RJUNIAO UMB DOS CULTOS AFRO BRAS    10051810 000002
10231987175000168817800093673    000014441                    000144410000000000000109                     I0114441     10051800000000105003410000017N280418104700000000000101005180000000000000000000000000000000000000000100061692000730JOAQUIM PEIXOTO                         RUA W 14 LOTE 180 CASA 1                LAGOMAR - MA27970130MACAE          RJUNIAO UMB DOS CULTOS AFRO BRAS    10051810 000003
10231987175000168817800093673    000014440                    000144400000000000000109                     I0114440     05051800000000035003410000017N270418104700000000000100505180000000000000000000000000000000000000000100092952364753ROSANGELA SILVA SOUZA                   RUA TAMOIOS N 144                       CENTRO - NIL26520250NILOPOLIS      RJUNIAO UMB DOS CULTOS AFRO BRAS    05051810 000004
10231987175000168817800093673    000014439                    000144390000000000000109                     I0114439     10051800000000070003410000017N270418104700000000000101005180000000000000000000000000000000000000000100000912311754PAULO HENRIQUE DA SILVA MOURA           RUA QUATI, 112                          MIGUEL COUTO26060420NOVA IGUACU    RJUNIAO UMB DOS CULTOS AFRO BRAS    10051810 000005
10231987175000168817800093673    000014438                    000144380000000000000109                     I0114438     20051800000000420003410000017N270418104700000000000102005180000000000000000000000000000000000000000100000912311754PAULO HENRIQUE DA SILVA MOURA           RUA QUATI, 112                          MIGUEL COUTO26060420NOVA IGUACU    RJUNIAO UMB DOS CULTOS AFRO BRAS    20051810 000006
10231987175000168817800093673    000014437                    000144370000000000000109                     I0114437     10051800000000340003410000017N270418104700000000000101005180000000000000000000000000000000000000000100055041388768GERALDO JOSE DE OLIVEIRA                RUA CARDEAL DOM SEBASTIAO LEME, 115 APTOSANTA TEREZA22040010RIO DE JANEIRO RJUNIAO UMB DOS CULTOS AFRO BRAS    10051810 000007
10231987175000168817800093673    000014436                    000144360000000000000109                     I0114436     30051800000000035003410000017N270418104700000000000103005180000000000000000000000000000000000000000100007333127729FRANCISCA GONCALVES                     RUA PROJETADA C BECO FRANCA, 4          ROLA - SANTA23520580RIO DE JANEIRO RJUNIAO UMB DOS CULTOS AFRO BRAS    30051810 000008
10231987175000168817800093673    000014435                    000144350000000000000109                     I0114435     04051800000000100003410000017N260418104700000000000100405180000000000000000000000000000000000000000100015197047712MARCELLE SOARES ZIMBRAO                 RUA: NOSSA SENHORA DAS GRACAS Nº 11    MOSELA - PET25675111PETROPOLIS     RJUNIAO UMB DOS CULTOS AFRO BRAS    04051810 000009
10231987175000168817800093673    000014045                    000140450000000000000109                     I0214045     30041800000000035003410000017N260218104700000000000103004180000000000000000000000000000000000000000100003159130452VICENTE FELICIO DA SILVA                RUA LUIZA NEOFILA PIMENTA, 156          ALTO DA CAPE59680000CAMPO GRANDE   RNUNIAO UMB DOS CULTOS AFRO BRAS    30041810 000010
10231987175000168817800093673    000013160                    000131600000000000000109                     I0213160     30051800000000035003410000017N200218104700000000000103005180000000000000000000000000000000000000000100036547107787JOAO CARLOS SALERNO                     RUA CAETANO SALERMO, 54 A               ALTO DA SERR25635020PETROPOLIS     RJUNIAO UMB DOS CULTOS AFRO BRAS    30051810 000011
10231987175000168817800093673    000012926                    000129260000000000000109                     I0212926     30051800000000035003410000017N200218104700000000000103005180000000000000000000000000000000000000000100059555815704PAULO FERNANDES                         RUA MONTE CARMELO 351                   BENTO RIBERI21555120RIO DE JANEIRO RJUNIAO UMB DOS CULTOS AFRO BRAS    30051810 000012
10231987175000168817800093673    000012556                    000125560000000000000109                     I0212556     30051800000000035003410000017N200218104700000000000103005180000000000000000000000000000000000000000100007333127729FRANCISCA GONCALVES                     RUA PROJETADA C BECO FRANCA, 4          ROLA - SANTA23520580RIO DE JANEIRO RJUNIAO UMB DOS CULTOS AFRO BRAS    30051810 000013
10231987175000168817800093673    000011551                    000115510000000000000109                     I0211551     30041800000000035003410000017N200218104700000000000103004180000000000000000000000000000000000000000100036547107787JOAO CARLOS SALERNO                     RUA CAETANO SALERMO, 54 A               ALTO DA SERR25635020PETROPOLIS     RJUNIAO UMB DOS CULTOS AFRO BRAS    30041810 000014
10231987175000168817800093673    000011533                    000115330000000000000109                     I0211533     30041800000000035003410000017N200218104700000000000103004180000000000000000000000000000000000000000100061692000730JOAQUIM PEIXOTO                         RUA W 14 LOTE 180 CASA 1                LAGOMAR - MA27970130MACAE          RJUNIAO UMB DOS CULTOS AFRO BRAS    30041810 000015
10231987175000168817800093673    000011317                    000113170000000000000109                     I0211317     30041800000000035003410000017N200218104700000000000103004180000000000000000000000000000000000000000100059555815704PAULO FERNANDES                         RUA MONTE CARMELO 351                   BENTO RIBERI21555120RIO DE JANEIRO RJUNIAO UMB DOS CULTOS AFRO BRAS    30041810 000016
10231987175000168817800093673    000011264                    000112640000000000000109                     I0211264     30041800000000035003410000017N200218104700000000000103004180000000000000000000000000000000000000000100002248004770ROSANE ALVES DE AZEVEDO                 RUA W, 14 LOTE 180 CASA 1               LAGOMAR - MA27970130MACAE          RJUNIAO UMB DOS CULTOS AFRO BRAS    30041810 000017
10231987175000168817800093673    000011141                    000111410000000000000109                     I0211141     30041800000000035003410000017N200218104700000000000103004180000000000000000000000000000000000000000100088469212753NEIDE CARVALHO D ANGELO                 RUA GENERAL TRAUMATURGO, LOTE 17 QUADRA VILA ROSARIO25040010DUQUE DE CAXIASRJUNIAO UMB DOS CULTOS AFRO BRAS    30041810 000018
10231987175000168817800093673    000010296                    000102960000000000000109                     I3410296     30031800000000035003410000017N200218104700000000000103003180000000000000000000000000000000000000000100000912311754PAULO HENRIQUE DA SILVA MOURA           RUA QUATI, 112                          MIGUEL COUTO26060420NOVA IGUACU    RJUNIAO UMB DOS CULTOS AFRO BRAS    30031810 000019
10231987175000168817800093673    000010094                    000100940000000000000109                     I0210094     30031800000000035003410000017N200218104700000000000103003180000000000000000000000000000000000000000100092952364753ROSANGELA SILVA SOUZA                   RUA TAMOIOS N 144                       CENTRO - NIL26520250NILOPOLIS      RJUNIAO UMB DOS CULTOS AFRO BRAS    30031810 000020
10231987175000168817800093673    00009942                     000099420000000000000109                     I029942      30031800000000035003410000017N200218104700000000000103003180000000000000000000000000000000000000000100036547107787JOAO CARLOS SALERNO                     RUA CAETANO SALERMO, 54 A               ALTO DA SERR25635020PETROPOLIS     RJUNIAO UMB DOS CULTOS AFRO BRAS    30031810 000021
10231987175000168817800093673    00009933                     000099330000000000000109                     I029933      30031800000000050003410000017N200218104700000000000103003180000000000000000000000000000000000000000100005215642710ROBERTA LIMA GRIJO                      RUA FLORANIA, 475                       VISTA ALEGRE21230700RIO DE JANEIRO RJUNIAO UMB DOS CULTOS AFRO BRAS    30031810 000022
10231987175000168817800093673    00009924                     000099240000000000000109                     I029924      30031800000000035003410000017N200218104700000000000103003180000000000000000000000000000000000000000100061692000730JOAQUIM PEIXOTO                         RUA W 14 LOTE 180 CASA 1                LAGOMAR - MA27970130MACAE          RJUNIAO UMB DOS CULTOS AFRO BRAS    30031810 000023
10231987175000168817800093673    00009750                     000097500000000000000109                     I029750      30031800000000035003410000017N200218104700000000000103003180000000000000000000000000000000000000000100085212091772ADAO DIAS FUNCHAL FILHO                 RUA WALTER FERREIRA, 1752 - SAO FRANCISCMAUA - MAGE 25900000MAGE           RJUNIAO UMB DOS CULTOS AFRO BRAS    30031810 000024
10231987175000168817800093673    00009708                     000097080000000000000109                     I029708      30031800000000035003410000017N200218104700000000000103003180000000000000000000000000000000000000000100059555815704PAULO FERNANDES                         RUA MONTE CARMELO 351                   BENTO RIBERI21555120RIO DE JANEIRO RJUNIAO UMB DOS CULTOS AFRO BRAS    30031810 000025
10231987175000168817800093673    00009658                     000096580000000000000109                     I349658      30031800000000035003410000017N200218104700000000000103003180000000000000000000000000000000000000000100015197047712MARCELLE SOARES ZIMBRAO                 RUA: NOSSA SENHORA DAS GRACAS Nº 11    MOSELA - PET25675111PETROPOLIS     RJUNIAO UMB DOS CULTOS AFRO BRAS    30031810 000026
10231987175000168817800093673    00009655                     000096550000000000000109                     I029655      30031800000000035003410000017N200218104700000000000103003180000000000000000000000000000000000000000100002248004770ROSANE ALVES DE AZEVEDO                 RUA W, 14 LOTE 180 CASA 1               LAGOMAR - MA27970130MACAE          RJUNIAO UMB DOS CULTOS AFRO BRAS    30031810 000027
10231987175000168817800093673    00009532                     000095320000000000000109                     I029532      30031800000000035003410000017N200218104700000000000103003180000000000000000000000000000000000000000100088469212753NEIDE CARVALHO D ANGELO                 RUA GENERAL TRAUMATURGO, LOTE 17 QUADRA VILA ROSARIO25040010DUQUE DE CAXIASRJUNIAO UMB DOS CULTOS AFRO BRAS    30031810 000028
10231987175000168817800093673    00009034                     000090340000000000000109                     I029034      28021800000000035003410000017N160118104700000000000102802180000000000000000000000000000000000000000100015197047712MARCELLE SOARES ZIMBRAO                 RUA: NOSSA SENHORA DAS GRACAS Nº 11    MOSELA - PET25675111PETROPOLIS     RJUNIAO UMB DOS CULTOS AFRO BRAS    28021810 000029
10231987175000168817800093673    00008345                     000083450000000000000109                     I028345      28021800000000035003410000017N291217104700000000000102802180000000000000000000000000000000000000000100000912311754PAULO HENRIQUE DA SILVA MOURA           RUA QUATI, 112                          MIGUEL COUTO26060420NOVA IGUACU    RJUNIAO UMB DOS CULTOS AFRO BRAS    28021810 000030
10231987175000168817800093673    00008221                     000082210000000000000109                     I028221      28021800000000035003410000017N291217104700000000000102802180000000000000000000000000000000000000000100036547107787JOAO CARLOS SALERNO                     RUA CAETANO SALERMO, 54 A               ALTO DA SERR25635020PETROPOLIS     RJUNIAO UMB DOS CULTOS AFRO BRAS    28021810 000031
10231987175000168817800093673    00008123                     000081230000000000000109                     I028123      28021800000000035003410000017N291217104700000000000102802180000000000000000000000000000000000000000100059555815704PAULO FERNANDES                         RUA MONTE CARMELO 351                   BENTO RIBERI21555120RIO DE JANEIRO RJUNIAO UMB DOS CULTOS AFRO BRAS    28021810 000032
10231987175000168817800093673    00008101                     000081010000000000000109                     I028101      28021800000000035003410000017N291217104700000000000102802180000000000000000000000000000000000000000100002248004770ROSANE ALVES DE AZEVEDO                 RUA W, 14 LOTE 180 CASA 1               LAGOMAR - MA27970130MACAE          RJUNIAO UMB DOS CULTOS AFRO BRAS    28021810 000033
10231987175000168817800093673    00006673                     000066730000000000000109                     I026673      28021800000000050003410000017N271217104700000000000102802180000000000000000000000000000000000000000100005215642710ROBERTA LIMA GRIJO                      RUA FLORANIA, 475                       VISTA ALEGRE21230700RIO DE JANEIRO RJUNIAO UMB DOS CULTOS AFRO BRAS    28021810 000034
10231987175000168817800093673    00006391                     000063910000000000000109                     I026391      28021800000000035003410000017N271217104700000000000102802180000000000000000000000000000000000000000100088469212753NEIDE CARVALHO D ANGELO                 RUA GENERAL TRAUMATURGO, LOTE 17 QUADRA VILA ROSARIO25040010DUQUE DE CAXIASRJUNIAO UMB DOS CULTOS AFRO BRAS    28021810 000035
10231987175000168817800093673    00005423                     000054230000000000000109                     I025423      31011800000000050003410000017N261217104700000000000103101180000000000000000000000000000000000000000100005215642710ROBERTA LIMA GRIJO                      RUA FLORANIA, 475                       VISTA ALEGRE21230700RIO DE JANEIRO RJUNIAO UMB DOS CULTOS AFRO BRAS    31011810 000036
10231987175000168817800093673    00004831                     000048310000000000000109                     I024831      10011800000000350003410000017N261217104700000000000101001180000000000000000000000000000000000000000100005215642710ROBERTA LIMA GRIJO                      RUA FLORANIA, 475                       VISTA ALEGRE21230700RIO DE JANEIRO RJUNIAO UMB DOS CULTOS AFRO BRAS    10011810 000037
9                                                                                                                                                                                                                                                                                                                                                                                                         000038
