01REMESSA01COBRANCA       916200163100        União Umb dos Cultos Afro Bra341BANCO ITAU SA  140619                                                                                                                                                                                                                                                                                                      000001
10231987175000168916200163100    000049733                    000497330000000000000109                     I0149733     30061900000000350003410000017N140619105700000000001163006190000000000000000000000000000000000000000100007020404790NADIR REGINA CRUZ DA SILVA              RUA DARDON 0, LOTE 1 QUADRA 225         VILAR DOS TE25565020SAO JOAO DE MERRJUNIAO UMB DOS CULTOS AFRO BRAS    30061915 000002
21300620190000000000700                                                                                                                                                                                                                                                                                                                                                                                   000003
10231987175000168916200163100    000049732                    000497320000000000000109                     I0149732     30061900000000160003410000017N140619105700000000000533006190000000000000000000000000000000000000000100078542626753MARIA HELENA FELIX MARINHO              RUA KELSONN 20,                         PENHA CIRCUL21011060RIO DE JANEIRO RJUNIAO UMB DOS CULTOS AFRO BRAS    30061915 000004
21300620190000000000320                                                                                                                                                                                                                                                                                                                                                                                   000005
10231987175000168916200163100    000049731                    000497310000000000000109                     I0149731     30091900000000040003410000017N130619105700000000000133009190000000000000000000000000000000000000000100083356290720GLORIA MARIA DE AGUIAR ABDALA           RUA SANTO MARIANON 12, B                COSMOS      23062223RIO DE JANEIRO RJUNIAO UMB DOS CULTOS AFRO BRAS    30091915 000006
21300920190000000000080                                                                                                                                                                                                                                                                                                                                                                                   000007
10231987175000168916200163100    000049730                    000497300000000000000109                     I0149730     30081900000000040003410000017N130619105700000000000133008190000000000000000000000000000000000000000100083356290720GLORIA MARIA DE AGUIAR ABDALA           RUA SANTO MARIANON 12, B                COSMOS      23062223RIO DE JANEIRO RJUNIAO UMB DOS CULTOS AFRO BRAS    30081915 000008
21300820190000000000080                                                                                                                                                                                                                                                                                                                                                                                   000009
10231987175000168916200163100    000049729                    000497290000000000000109                     I0149729     30071900000000040003410000017N130619105700000000000133007190000000000000000000000000000000000000000100083356290720GLORIA MARIA DE AGUIAR ABDALA           RUA SANTO MARIANON 12, B                COSMOS      23062223RIO DE JANEIRO RJUNIAO UMB DOS CULTOS AFRO BRAS    30071915 000010
21300720190000000000080                                                                                                                                                                                                                                                                                                                                                                                   000011
10231987175000168916200163100    000049728                    000497280000000000000109                     I0149728     30091900000000040003410000017N130619105700000000000133009190000000000000000000000000000000000000000100001178196704SILVANA DE SOUZA PARDAL                 ESTRADA ADHEMAR BEBIANON 3987, 304      ENGENHO DA R20765171RIO DE JANEIRO RJUNIAO UMB DOS CULTOS AFRO BRAS    30091915 000012
21300920190000000000080                                                                                                                                                                                                                                                                                                                                                                                   000013
10231987175000168916200163100    000049727                    000497270000000000000109                     I0149727     30081900000000040003410000017N130619105700000000000133008190000000000000000000000000000000000000000100001178196704SILVANA DE SOUZA PARDAL                 ESTRADA ADHEMAR BEBIANON 3987, 304      ENGENHO DA R20765171RIO DE JANEIRO RJUNIAO UMB DOS CULTOS AFRO BRAS    30081915 000014
21300820190000000000080                                                                                                                                                                                                                                                                                                                                                                                   000015
10231987175000168916200163100    000049726                    000497260000000000000109                     I0149726     30071900000000040003410000017N130619105700000000000133007190000000000000000000000000000000000000000100001178196704SILVANA DE SOUZA PARDAL                 ESTRADA ADHEMAR BEBIANON 3987, 304      ENGENHO DA R20765171RIO DE JANEIRO RJUNIAO UMB DOS CULTOS AFRO BRAS    30071915 000016
21300720190000000000080                                                                                                                                                                                                                                                                                                                                                                                   000017
10231987175000168916200163100    000049725                    000497250000000000000109                     I0149725     30091900000000040003410000017N130619105700000000000133009190000000000000000000000000000000000000000100010610164716TATIANA DA SILVA SANTOS                 RUA IRACEMAN 176,                       MAIO        26052610NOVA IGUACU    RJUNIAO UMB DOS CULTOS AFRO BRAS    30091915 000018
21300920190000000000080                                                                                                                                                                                                                                                                                                                                                                                   000019
10231987175000168916200163100    000049724                    000497240000000000000109                     I0149724     30081900000000040003410000017N130619105700000000000133008190000000000000000000000000000000000000000100010610164716TATIANA DA SILVA SANTOS                 RUA IRACEMAN 176,                       MAIO        26052610NOVA IGUACU    RJUNIAO UMB DOS CULTOS AFRO BRAS    30081915 000020
21300820190000000000080                                                                                                                                                                                                                                                                                                                                                                                   000021
10231987175000168916200163100    000049723                    000497230000000000000109                     I0149723     30071900000000040003410000017N130619105700000000000133007190000000000000000000000000000000000000000100010610164716TATIANA DA SILVA SANTOS                 RUA IRACEMAN 176,                       MAIO        26052610NOVA IGUACU    RJUNIAO UMB DOS CULTOS AFRO BRAS    30071915 000022
21300720190000000000080                                                                                                                                                                                                                                                                                                                                                                                   000023
10231987175000168916200163100    000049722                    000497220000000000000109                     I0149722     19061900000000080003410000017N130619105700000000000261906190000000000000000000000000000000000000000100029759030730JOSE ROBERTO MELLO COIMBRA              RUA SALVADOR SABATEN 311,               REALENGO    21760020RIO DE JANEIRO RJUNIAO UMB DOS CULTOS AFRO BRAS    19061915 000024
21190620190000000000160                                                                                                                                                                                                                                                                                                                                                                                   000025
10231987175000168916200163100    000049721                    000497210000000000000109                     I0149721     30091900000000040003410000017N130619105700000000000133009190000000000000000000000000000000000000000100082818002753ELIZA DOS SANTOS MATIAS MAIA            RUA JN 0, LOTE 15 QUADRA 22 - CONJUNTO SINHOAIBA    23062000RIO DE JANEIRO RJUNIAO UMB DOS CULTOS AFRO BRAS    30091915 000026
21300920190000000000080                                                                                                                                                                                                                                                                                                                                                                                   000027
10231987175000168916200163100    000049720                    000497200000000000000109                     I0149720     30081900000000040003410000017N130619105700000000000133008190000000000000000000000000000000000000000100082818002753ELIZA DOS SANTOS MATIAS MAIA            RUA JN 0, LOTE 15 QUADRA 22 - CONJUNTO SINHOAIBA    23062000RIO DE JANEIRO RJUNIAO UMB DOS CULTOS AFRO BRAS    30081915 000028
21300820190000000000080                                                                                                                                                                                                                                                                                                                                                                                   000029
10231987175000168916200163100    000049719                    000497190000000000000109                     I0149719     30071900000000040003410000017N130619105700000000000133007190000000000000000000000000000000000000000100082818002753ELIZA DOS SANTOS MATIAS MAIA            RUA JN 0, LOTE 15 QUADRA 22 - CONJUNTO SINHOAIBA    23062000RIO DE JANEIRO RJUNIAO UMB DOS CULTOS AFRO BRAS    30071915 000030
21300720190000000000080                                                                                                                                                                                                                                                                                                                                                                                   000031
10231987175000168916200163100    000049718                    000497180000000000000109                     I0149718     30091900000000040003410000017N130619105700000000000133009190000000000000000000000000000000000000000100049629913704ALVARO LUIZ MARQUES MEDEIROS            RUA SEABRA FILHO - AVENIDA AN 0, QUADRA INHOAIBA    23062000RIO DE JANEIRO RJUNIAO UMB DOS CULTOS AFRO BRAS    30091915 000032
21300920190000000000080                                                                                                                                                                                                                                                                                                                                                                                   000033
10231987175000168916200163100    000049717                    000497170000000000000109                     I0149717     30081900000000040003410000017N130619105700000000000133008190000000000000000000000000000000000000000100049629913704ALVARO LUIZ MARQUES MEDEIROS            RUA SEABRA FILHO - AVENIDA AN 0, QUADRA INHOAIBA    23062000RIO DE JANEIRO RJUNIAO UMB DOS CULTOS AFRO BRAS    30081915 000034
21300820190000000000080                                                                                                                                                                                                                                                                                                                                                                                   000035
10231987175000168916200163100    000049716                    000497160000000000000109                     I0149716     30071900000000040003410000017N130619105700000000000133007190000000000000000000000000000000000000000100049629913704ALVARO LUIZ MARQUES MEDEIROS            RUA SEABRA FILHO - AVENIDA AN 0, QUADRA INHOAIBA    23062000RIO DE JANEIRO RJUNIAO UMB DOS CULTOS AFRO BRAS    30071915 000036
21300720190000000000080                                                                                                                                                                                                                                                                                                                                                                                   000037
10231987175000168916200163100    000049715                    000497150000000000000109                     I0149715     05081900000000220003410000017N130619105700000000000730508190000000000000000000000000000000000000000100095181890725ALEXANDRE DE SOUZA TAVARES SEN          RUA DOM MANUELN 67,                     DOM RODRIGO 26260230NOVA IGUACU    RJUNIAO UMB DOS CULTOS AFRO BRAS    05081915 000038
21050820190000000000440                                                                                                                                                                                                                                                                                                                                                                                   000039
10231987175000168916200163100    000049714                    000497140000000000000109                     I0149714     05071900000000220003410000017N130619105700000000000730507190000000000000000000000000000000000000000100095181890725ALEXANDRE DE SOUZA TAVARES SEN          RUA DOM MANUELN 67,                     DOM RODRIGO 26260230NOVA IGUACU    RJUNIAO UMB DOS CULTOS AFRO BRAS    05071915 000040
21050720190000000000440                                                                                                                                                                                                                                                                                                                                                                                   000041
10231987175000168916200163100    000049713                    000497130000000000000109                     I0149713     28061900000000160003410000017N120619105700000000000532806190000000000000000000000000000000000000000100004790121720IATA ANDERSON JESUS PEREIRA             RUA: ITAJUBARAN 92, FRENTE              RAMOS       21060180RIO DE JANEIRO RJUNIAO UMB DOS CULTOS AFRO BRAS    28061915 000042
21280620190000000000320                                                                                                                                                                                                                                                                                                                                                                                   000043
10231987175000168916200163100    000044563                    000445630000000000000109                     I0244563     30061900000000040003410000017N130319105700000000000133006190000000000000000000000000000000000000000100069279500791CLAUDIA ALONSO RODRIGUES                ESTRADA DO PAU FERRO N 851,             FREGUESIA   22745055RIO DE JANEIRO RJUNIAO UMB DOS CULTOS AFRO BRAS    30061915 000044
21300620190000000000080                                                                                                                                                                                                                                                                                                                                                                                   000045
10231987175000168916200163100    000044376                    000443760000000000000109                     I0244376     30061900000000040003410000017N130319105700000000000133006190000000000000000000000000000000000000000100059588799791VERONICA FARIAS DA ROCHA                RUA DOMINGOS DE MAGALHAESN 235,         MARIA DA GRA20785353RIO DE JANEIRO RJUNIAO UMB DOS CULTOS AFRO BRAS    30061915 000046
21300620190000000000080                                                                                                                                                                                                                                                                                                                                                                                   000047
10231987175000168916200163100    000044294                    000442940000000000000109                     I0244294     30061900000000050003410000017N130319105700000000000173006190000000000000000000000000000000000000000100033075514772MARIA ELISA DOS SANTOS                  RUA PADRE TELEMACO  N 172, CASA 15      CASCADURA   21311050RIO DE JANEIRO RJUNIAO UMB DOS CULTOS AFRO BRAS    30061915 000048
21300620190000000000100                                                                                                                                                                                                                                                                                                                                                                                   000049
10231987175000168916200163100    000044228                    000442280000000000000109                     I0244228     30061900000000040003410000017N130319105700000000000133006190000000000000000000000000000000000000000100085184543791CARLOS ALBERTO TEIXEIRA PEREIR          RUA CARANGOLAN 183, FUNDOS              TRINDADE    24457090SAO GONCALO    RJUNIAO UMB DOS CULTOS AFRO BRAS    30061915 000050
21300620190000000000080                                                                                                                                                                                                                                                                                                                                                                                   000051
10231987175000168916200163100    000044139                    000441390000000000000109                     I0244139     30061900000000040003410000017N130319105700000000000133006190000000000000000000000000000000000000000100000000000000CARLOS DE CARVALHO                      RUA MARINALVA SILVAN 9,                 SAO JOSE    26187660BELFORD ROXO   RJUNIAO UMB DOS CULTOS AFRO BRAS    30061915 000052
21300620190000000000080                                                                                                                                                                                                                                                                                                                                                                                   000053
10231987175000168916200163100    000044112                    000441120000000000000109                     I0244112     30061900000000040003410000017N130319105700000000000133006190000000000000000000000000000000000000000100080113397704SOLANGE DE SOUZA SILVA                  RUA PEDRO DE MELON 174, FUNDOS          PADRE MIGUEL21775410RIO DE JANEIRO RJUNIAO UMB DOS CULTOS AFRO BRAS    30061915 000054
21300620190000000000080                                                                                                                                                                                                                                                                                                                                                                                   000055
10231987175000168916200163100    000044026                    000440260000000000000109                     I3444026     30061900000000040003410000017N130319105700000000000133006190000000000000000000000000000000000000000100077575644768ROBSON ANDRE GONCALVES OUREM            RUA ATITUBAN 104, APT 104               TAQUARA     22730170RIO DE JANEIRO RJUNIAO UMB DOS CULTOS AFRO BRAS    30061915 000056
21300620190000000000080                                                                                                                                                                                                                                                                                                                                                                                   000057
10231987175000168916200163100    000043823                    000438230000000000000109                     I0243823     30061900000000040003410000017N130319105700000000000133006190000000000000000000000000000000000000000100002134169729ALEXANDRE DE ALMEIDA                    RUA SERITINGAN 105, BLOCO 5 APTO 108 FUNBRAZ DE PINA21215485RIO DE JANEIRO RJUNIAO UMB DOS CULTOS AFRO BRAS    30061915 000058
21300620190000000000080                                                                                                                                                                                                                                                                                                                                                                                   000059
10231987175000168916200163100    000043769                    000437690000000000000109                     I0243769     30061900000000040003410000017N130319105700000000000133006190000000000000000000000000000000000000000100033205094700IRACEMA PAZ DA MOTTA                    RUA CARDOSO QUINTAON 196,               PIEDADE     21381460RIO DE JANEIRO RJUNIAO UMB DOS CULTOS AFRO BRAS    30061915 000060
21300620190000000000080                                                                                                                                                                                                                                                                                                                                                                                   000061
10231987175000168916200163100    000043686                    000436860000000000000109                     I0243686     30061900000000040003410000017N130319105700000000000133006190000000000000000000000000000000000000000212395736000195ASSOCIACAO ESPIRITA VOVO REI C          RUA GUARABUN 390, FUNDOS                INHAUMA     20761060RIO DE JANEIRO RJUNIAO UMB DOS CULTOS AFRO BRAS    30061915 000062
21300620190000000000080                                                                                                                                                                                                                                                                                                                                                                                   000063
10231987175000168916200163100    000043469                    000434690000000000000109                     I3443469     30061900000000040003410000017N130319105700000000000133006190000000000000000000000000000000000000000100008763637707JUSSARA SILVA DE ALBUQUERQUE            RUA ARGOSN 281, FUNDOS                  GUADALUPE   21660050RIO DE JANEIRO RJUNIAO UMB DOS CULTOS AFRO BRAS    30061915 000064
21300620190000000000080                                                                                                                                                                                                                                                                                                                                                                                   000065
10231987175000168916200163100    000043468                    000434680000000000000109                     I0243468     30061900000000040003410000017N130319105700000000000133006190000000000000000000000000000000000000000100003341744738CASSIA GOMES CASTORINO                  RUA COMENDADOR CRISOSTOMO CRUZN 0, LOTE SANTA MARIA 26165400BELFORD ROXO   RJUNIAO UMB DOS CULTOS AFRO BRAS    30061915 000066
21300620190000000000080                                                                                                                                                                                                                                                                                                                                                                                   000067
10231987175000168916200163100    000043333                    000433330000000000000109                     I0243333     30061900000000040003410000017N130319105700000000000133006190000000000000000000000000000000000000000100095032061700CILEIA DA ROCHA PACHECO                 RUA DA FLORALIAN 14, FUNDOS             SANTA BARBAR24350000RIO DE JANEIRO RJUNIAO UMB DOS CULTOS AFRO BRAS    30061915 000068
21300620190000000000080                                                                                                                                                                                                                                                                                                                                                                                   000069
10231987175000168916200163100    000043126                    000431260000000000000109                     I0243126     30051900000000040003410000017N130319105700000000000133005190000000000000000000000000000000000000000100005346492704VANESSA NEVES DA CONCEICAO              RUA AMERICO VESPUCION 41, CASA          ENGENHEIRO L21370180RIO DE JANEIRO RJUNIAO UMB DOS CULTOS AFRO BRAS    30051915 000070
21300520190000000000080                                                                                                                                                                                                                                                                                                                                                                                   000071
10231987175000168916200163100    000043022                    000430220000000000000109                     I0243022     30051900000000040003410000017N130319105700000000000133005190000000000000000000000000000000000000000100085737437787NIVALDA PIRES RUFINO                    RUA: MARIO CARPENTERN 830,              ABOLICAO    20755065RIO DE JANEIRO RJUNIAO UMB DOS CULTOS AFRO BRAS    30051915 000072
21300520190000000000080                                                                                                                                                                                                                                                                                                                                                                                   000073
10231987175000168916200163100    000042910                    000429100000000000000109                     I0242910     30051900000000040003410000017N130319105700000000000133005190000000000000000000000000000000000000000100069279500791CLAUDIA ALONSO RODRIGUES                ESTRADA DO PAU FERRO N 851,             FREGUESIA   22745055RIO DE JANEIRO RJUNIAO UMB DOS CULTOS AFRO BRAS    30051915 000074
21300520190000000000080                                                                                                                                                                                                                                                                                                                                                                                   000075
10231987175000168916200163100    000042884                    000428840000000000000109                     I0242884     30051900000000040003410000017N130319105700000000000133005190000000000000000000000000000000000000000100011766861784MARIA WANDERLEIA MARTINS CRUZ           RUA BRUNO LECININ 375,                  AUSTIN      26279255NOVA IGUACU    RJUNIAO UMB DOS CULTOS AFRO BRAS    30051915 000076
21300520190000000000080                                                                                                                                                                                                                                                                                                                                                                                   000077
10231987175000168916200163100    000042820                    000428200000000000000109                     I3442820     30051900000000040003410000017N130319105700000000000133005190000000000000000000000000000000000000000100001148949739MARIA DAS GRACAS SEBASTIANA DO          RUA PEREIRA PINTO N 91,                 TOMAS COELHO20761350RIO DE JANEIRO RJUNIAO UMB DOS CULTOS AFRO BRAS    30051915 000078
21300520190000000000080                                                                                                                                                                                                                                                                                                                                                                                   000079
10231987175000168916200163100    000042646                    000426460000000000000109                     I0242646     30051900000000050003410000017N130319105700000000000173005190000000000000000000000000000000000000000100033075514772MARIA ELISA DOS SANTOS                  RUA PADRE TELEMACO  N 172, CASA 15      CASCADURA   21311050RIO DE JANEIRO RJUNIAO UMB DOS CULTOS AFRO BRAS    30051915 000080
21300520190000000000100                                                                                                                                                                                                                                                                                                                                                                                   000081
10231987175000168916200163100    000042508                    000425080000000000000109                     I0242508     30051900000000040003410000017N130319105700000000000133005190000000000000000000000000000000000000000100004790121720IATA ANDERSON JESUS PEREIRA             RUA: ITAJUBARAN 92, FRENTE              RAMOS       21060180RIO DE JANEIRO RJUNIAO UMB DOS CULTOS AFRO BRAS    30051915 000082
21300520190000000000080                                                                                                                                                                                                                                                                                                                                                                                   000083
10231987175000168916200163100    000042493                    000424930000000000000109                     I0242493     30051900000000040003410000017N130319105700000000000133005190000000000000000000000000000000000000000100000000000000CARLOS DE CARVALHO                      RUA MARINALVA SILVAN 9,                 SAO JOSE    26187660BELFORD ROXO   RJUNIAO UMB DOS CULTOS AFRO BRAS    30051915 000084
21300520190000000000080                                                                                                                                                                                                                                                                                                                                                                                   000085
10231987175000168916200163100    000042466                    000424660000000000000109                     I0242466     30051900000000040003410000017N130319105700000000000133005190000000000000000000000000000000000000000100080113397704SOLANGE DE SOUZA SILVA                  RUA PEDRO DE MELON 174, FUNDOS          PADRE MIGUEL21775410RIO DE JANEIRO RJUNIAO UMB DOS CULTOS AFRO BRAS    30051915 000086
21300520190000000000080                                                                                                                                                                                                                                                                                                                                                                                   000087
10231987175000168916200163100    000042178                    000421780000000000000109                     I0242178     30051900000000040003410000017N130319105700000000000133005190000000000000000000000000000000000000000100002134169729ALEXANDRE DE ALMEIDA                    RUA SERITINGAN 105, BLOCO 5 APTO 108 FUNBRAZ DE PINA21215485RIO DE JANEIRO RJUNIAO UMB DOS CULTOS AFRO BRAS    30051915 000088
21300520190000000000080                                                                                                                                                                                                                                                                                                                                                                                   000089
10231987175000168916200163100    000042138                    000421380000000000000109                     I0242138     30051900000000040003410000017N130319105700000000000133005190000000000000000000000000000000000000000100097989037734LUIS EDUARDO ALMEIDA BAHRI              RUA DEGASN 400, BLOCO 2 APTº 1010      DEL CASTILHO20771580RIO DE JANEIRO RJUNIAO UMB DOS CULTOS AFRO BRAS    30051915 000090
21300520190000000000080                                                                                                                                                                                                                                                                                                                                                                                   000091
10231987175000168916200163100    000042125                    000421250000000000000109                     I0242125     30051900000000040003410000017N130319105700000000000133005190000000000000000000000000000000000000000100033205094700IRACEMA PAZ DA MOTTA                    RUA CARDOSO QUINTAON 196,               PIEDADE     21381460RIO DE JANEIRO RJUNIAO UMB DOS CULTOS AFRO BRAS    30051915 000092
21300520190000000000080                                                                                                                                                                                                                                                                                                                                                                                   000093
10231987175000168916200163100    000042042                    000420420000000000000109                     I0242042     30051900000000040003410000017N130319105700000000000133005190000000000000000000000000000000000000000212395736000195ASSOCIACAO ESPIRITA VOVO REI C          RUA GUARABUN 390, FUNDOS                INHAUMA     20761060RIO DE JANEIRO RJUNIAO UMB DOS CULTOS AFRO BRAS    30051915 000094
21300520190000000000080                                                                                                                                                                                                                                                                                                                                                                                   000095
10231987175000168916200163100    000041825                    000418250000000000000109                     I0241825     30051900000000040003410000017N130319105700000000000133005190000000000000000000000000000000000000000100003341744738CASSIA GOMES CASTORINO                  RUA COMENDADOR CRISOSTOMO CRUZN 0, LOTE SANTA MARIA 26165400BELFORD ROXO   RJUNIAO UMB DOS CULTOS AFRO BRAS    30051915 000096
21300520190000000000080                                                                                                                                                                                                                                                                                                                                                                                   000097
10231987175000168916200163100    000041693                    000416930000000000000109                     I0241693     30051900000000040003410000017N130319105700000000000133005190000000000000000000000000000000000000000100095032061700CILEIA DA ROCHA PACHECO                 RUA DA FLORALIAN 14, FUNDOS             SANTA BARBAR24350000RIO DE JANEIRO RJUNIAO UMB DOS CULTOS AFRO BRAS    30051915 000098
21300520190000000000080                                                                                                                                                                                                                                                                                                                                                                                   000099
10231987175000168916200163100    000041484                    000414840000000000000109                     I0241484     30041900000000040003410000017N120319105700000000000133004190000000000000000000000000000000000000000100005346492704VANESSA NEVES DA CONCEICAO              RUA AMERICO VESPUCION 41, CASA          ENGENHEIRO L21370180RIO DE JANEIRO RJUNIAO UMB DOS CULTOS AFRO BRAS    30041915 000100
21300420190000000000080                                                                                                                                                                                                                                                                                                                                                                                   000101
10231987175000168916200163100    000041380                    000413800000000000000109                     I0241380     30041900000000040003410000017N120319105700000000000133004190000000000000000000000000000000000000000100085737437787NIVALDA PIRES RUFINO                    RUA: MARIO CARPENTERN 830,              ABOLICAO    20755065RIO DE JANEIRO RJUNIAO UMB DOS CULTOS AFRO BRAS    30041915 000102
21300420190000000000080                                                                                                                                                                                                                                                                                                                                                                                   000103
10231987175000168916200163100    000041268                    000412680000000000000109                     I0241268     30041900000000040003410000017N120319105700000000000133004190000000000000000000000000000000000000000100069279500791CLAUDIA ALONSO RODRIGUES                ESTRADA DO PAU FERRO N 851,             FREGUESIA   22745055RIO DE JANEIRO RJUNIAO UMB DOS CULTOS AFRO BRAS    30041915 000104
21300420190000000000080                                                                                                                                                                                                                                                                                                                                                                                   000105
10231987175000168916200163100    000041008                    000410080000000000000109                     I0241008     30041900000000050003410000017N120319105700000000000173004190000000000000000000000000000000000000000100033075514772MARIA ELISA DOS SANTOS                  RUA PADRE TELEMACO  N 172, CASA 15      CASCADURA   21311050RIO DE JANEIRO RJUNIAO UMB DOS CULTOS AFRO BRAS    30041915 000106
21300420190000000000100                                                                                                                                                                                                                                                                                                                                                                                   000107
10231987175000168916200163100    000040871                    000408710000000000000109                     I0240871     30041900000000040003410000017N120319105700000000000133004190000000000000000000000000000000000000000100004790121720IATA ANDERSON JESUS PEREIRA             RUA: ITAJUBARAN 92, FRENTE              RAMOS       21060180RIO DE JANEIRO RJUNIAO UMB DOS CULTOS AFRO BRAS    30041915 000108
21300420190000000000080                                                                                                                                                                                                                                                                                                                                                                                   000109
10231987175000168916200163100    000040856                    000408560000000000000109                     I0240856     30041900000000040003410000017N120319105700000000000133004190000000000000000000000000000000000000000100000000000000CARLOS DE CARVALHO                      RUA MARINALVA SILVAN 9,                 SAO JOSE    26187660BELFORD ROXO   RJUNIAO UMB DOS CULTOS AFRO BRAS    30041915 000110
21300420190000000000080                                                                                                                                                                                                                                                                                                                                                                                   000111
10231987175000168916200163100    000040829                    000408290000000000000109                     I0240829     30041900000000040003410000017N120319105700000000000133004190000000000000000000000000000000000000000100080113397704SOLANGE DE SOUZA SILVA                  RUA PEDRO DE MELON 174, FUNDOS          PADRE MIGUEL21775410RIO DE JANEIRO RJUNIAO UMB DOS CULTOS AFRO BRAS    30041915 000112
21300420190000000000080                                                                                                                                                                                                                                                                                                                                                                                   000113
10231987175000168916200163100    000040503                    000405030000000000000109                     I0240503     30041900000000040003410000017N120319105700000000000133004190000000000000000000000000000000000000000100097989037734LUIS EDUARDO ALMEIDA BAHRI              RUA DEGASN 400, BLOCO 2 APTº 1010      DEL CASTILHO20771580RIO DE JANEIRO RJUNIAO UMB DOS CULTOS AFRO BRAS    30041915 000114
21300420190000000000080                                                                                                                                                                                                                                                                                                                                                                                   000115
10231987175000168916200163100    000040460                    000404600000000000000109                     I0240460     30041900000000040003410000017N120319105700000000000133004190000000000000000000000000000000000000000100013540020756RUTE MEDEIROS VIEIRA                    RUA DEZESSEISN 527,                     SANTA CRUZ  23565450RIO DE JANEIRO RJUNIAO UMB DOS CULTOS AFRO BRAS    30041915 000116
21300420190000000000080                                                                                                                                                                                                                                                                                                                                                                                   000117
10231987175000168916200163100    000040408                    000404080000000000000109                     I0240408     30041900000000040003410000017N120319105700000000000133004190000000000000000000000000000000000000000212395736000195ASSOCIACAO ESPIRITA VOVO REI C          RUA GUARABUN 390, FUNDOS                INHAUMA     20761060RIO DE JANEIRO RJUNIAO UMB DOS CULTOS AFRO BRAS    30041915 000118
21300420190000000000080                                                                                                                                                                                                                                                                                                                                                                                   000119
10231987175000168916200163100    000040192                    000401920000000000000109                     I0240192     30041900000000040003410000017N120319105700000000000133004190000000000000000000000000000000000000000100003341744738CASSIA GOMES CASTORINO                  RUA COMENDADOR CRISOSTOMO CRUZN 0, LOTE SANTA MARIA 26165400BELFORD ROXO   RJUNIAO UMB DOS CULTOS AFRO BRAS    30041915 000120
21300420190000000000080                                                                                                                                                                                                                                                                                                                                                                                   000121
10231987175000168916200163100    000040061                    000400610000000000000109                     I0240061     30041900000000040003410000017N120319105700000000000133004190000000000000000000000000000000000000000100095032061700CILEIA DA ROCHA PACHECO                 RUA DA FLORALIAN 14, FUNDOS             SANTA BARBAR24350000RIO DE JANEIRO RJUNIAO UMB DOS CULTOS AFRO BRAS    30041915 000122
21300420190000000000080                                                                                                                                                                                                                                                                                                                                                                                   000123
9                                                                                                                                                                                                                                                                                                                                                                                                         000124
