01REMESSA01COBRANCA       817800093673        União Umb dos Cultos Afro Bra341BANCO ITAU SA  190118                                                                                                                                                                                                                                                                                                      000001
10231987175000168817800093673    00007112                     000071120000000000000109                     I017112      28021800000000035003410000017N271217104700000000000102802180000000000000000000000000000000000000000100099363704734SUELY FERNANDES LAPAS OLIVEIRA          RUA SARUTAIA SN LOTE 37                 GUARATIBA - 23032620RIO DE JANEIRO RJUNIAO UMB DOS CULTOS AFRO BRAS    28021810 000002
10231987175000168817800093673    00007110                     000071100000000000000109                     I017110      28021800000000035003410000017N271217104700000000000102802180000000000000000000000000000000000000000100076903729704ALUIZO NASCIMENTI DOS SANTOS            RUA DAS ROSAS N 801                     VILA FORMOSA26051370NOVA IGUACU    RJUNIAO UMB DOS CULTOS AFRO BRAS    28021810 000003
10231987175000168817800093673    00007109                     000071090000000000000109                     I017109      28021800000000035003410000017N271217104700000000000102802180000000000000000000000000000000000000000100003009392729MARIA DA PENHA FLORENCIO                RUA SABUJI LOTE 5 QUADRA 20             JARDIM ROTSE25270030DUQUE DE CAXIASRJUNIAO UMB DOS CULTOS AFRO BRAS    28021810 000004
10231987175000168817800093673    00007108                     000071080000000000000109                     I017108      28021800000000035003410000017N271217104700000000000102802180000000000000000000000000000000000000000100003567552740ERICA NADJARA DA LUZ                    RUA ENGENHEIRO ALARIPE N 114            LAGOINHA - N26296588NOVA IGUACU    RJUNIAO UMB DOS CULTOS AFRO BRAS    28021810 000005
10231987175000168817800093673    00007107                     000071070000000000000109                     I017107      28021800000000035003410000017N271217104700000000000102802180000000000000000000000000000000000000000100001317399722JUSSARA DOS SANTOS MACHADO              RUA ARIES N 36                          PARQUE SAO J26190080BELFORD ROXO   RJUNIAO UMB DOS CULTOS AFRO BRAS    28021810 000006
10231987175000168817800093673    00007106                     000071060000000000000109                     I017106      28021800000000035003410000017N271217104700000000000102802180000000000000000000000000000000000000000100011309006733TIAGO FEUCHARD DIAS                     RUA QUARENTA E NOVE N 130               IPIABAS - BA27170000BARRA DO PIRAI RJUNIAO UMB DOS CULTOS AFRO BRAS    28021810 000007
10231987175000168817800093673    00007105                     000071050000000000000109                     I017105      28021800000000035003410000017N271217104700000000000102802180000000000000000000000000000000000000000100095529616704MARCOS LUIZ BORGES FIGUEIREDO           RUA PADUA N 95 - REDENTOR               REDENTOR - B26110250BELFORD ROXO   RJUNIAO UMB DOS CULTOS AFRO BRAS    28021810 000008
10231987175000168817800093673    00007104                     000071040000000000000109                     I017104      28021800000000035003410000017N271217104700000000000102802180000000000000000000000000000000000000000100002871088489JOSE ADRIANO DA SILVA                   RUA UMEBOSCHE N 430                     JARDIM PARAI26297054NOVA IGUACU    RJUNIAO UMB DOS CULTOS AFRO BRAS    28021810 000009
10231987175000168817800093673    00007103                     000071030000000000000109                     I017103      28021800000000035003410000017N271217104700000000000102802180000000000000000000000000000000000000000100001147868794VALERIA APARECIDA DE SOUZA              RUA ALCYR BRASIL N 710                  JARDIM NOVA 26266010NOVA IGUACU    RJUNIAO UMB DOS CULTOS AFRO BRAS    28021810 000010
10231987175000168817800093673    00007102                     000071020000000000000109                     I017102      28021800000000035003410000017N271217104700000000000102802180000000000000000000000000000000000000000100007900227709FLAVIA ARAUJO DA ROCHA SANTOS           RUA MARECHAL AGRICOLA N 186             REALENGO - R21735370RIO DE JANEIRO RJUNIAO UMB DOS CULTOS AFRO BRAS    28021810 000011
10231987175000168817800093673    00007093                     000070930000000000000109                     I017093      28021800000000035003410000017N271217104700000000000102802180000000000000000000000000000000000000000100001148949739MARIA DAS GRACAS SEBASTIANA DO          RUA PEREIRA PINTO N 91                  TOMAS COELHO20761350RIO DE JANEIRO RJUNIAO UMB DOS CULTOS AFRO BRAS    28021810 000012
10231987175000168817800093673    00007092                     000070920000000000000109                     I017092      28021800000000035003410000017N271217104700000000000102802180000000000000000000000000000000000000000100012488412716CHARLES GARCIA DE OLIVEIRA              ESTRADA DO QUITUNGO N 45 FRENTE         BRAZ DE PINA21215562RIO DE JANEIRO RJUNIAO UMB DOS CULTOS AFRO BRAS    28021810 000013
10231987175000168817800093673    00007091                     000070910000000000000109                     I017091      28021800000000035003410000017N271217104700000000000102802180000000000000000000000000000000000000000100088640809704JULIO CESAR SARAIVA PIRES               ESTRADA SANTA MAURA N 103               CURICICA - J22780170RIO DE JANEIRO RJUNIAO UMB DOS CULTOS AFRO BRAS    28021810 000014
10231987175000168817800093673    00007090                     000070900000000000000109                     I017090      28021800000000035003410000017N271217104700000000000102802180000000000000000000000000000000000000000100060601493400IRACEMA SILVA DE SANTANA                NUNCA RUA XAVANTE N 243                 BANGU - RIO 21840030RIO DE JANEIRO RJUNIAO UMB DOS CULTOS AFRO BRAS    28021810 000015
10231987175000168817800093673    00007089                     000070890000000000000109                     I017089      28021800000000035003410000017N271217104700000000000102802180000000000000000000000000000000000000000100064947130768MARIA GORETE DE SOUSA MIRANDA           AVENIDA PASTEUR N 113 A                 PARQUE ALIAN25550210SAO JOAO DE MERRJUNIAO UMB DOS CULTOS AFRO BRAS    28021810 000016
10231987175000168817800093673    00007088                     000070880000000000000109                     I017088      28021800000000035003410000017N271217104700000000000102802180000000000000000000000000000000000000000100001034293796LILIA NERES DE ALMEIDA                  RUA VERISSIMO MACHADO N 237             ROCHA MIRAND21542060RIO DE JANEIRO RJUNIAO UMB DOS CULTOS AFRO BRAS    28021810 000017
10231987175000168817800093673    00007087                     000070870000000000000109                     I017087      28021800000000035003410000017N271217104700000000000102802180000000000000000000000000000000000000000100010426625765ALESSANDRA LAURIANO LIMA DOMIN          RUA PROJETADA N 4                       ANCORA - RIO28899515RIO DAS OSTRAS RJUNIAO UMB DOS CULTOS AFRO BRAS    28021810 000018
10231987175000168817800093673    00007086                     000070860000000000000109                     I017086      28021800000000035003410000017N271217104700000000000102802180000000000000000000000000000000000000000100009755597700PAULA SABINO MIGUEZ                     RUA SANTO TIRSO N 141                   JARDIM ALZIR26300190QUEIMADOS      RJUNIAO UMB DOS CULTOS AFRO BRAS    28021810 000019
10231987175000168817800093673    00007085                     000070850000000000000109                     I017085      28021800000000035003410000017N271217104700000000000102802180000000000000000000000000000000000000000100077601505716NADIA MARIA DE BRITTO LUCENA            RUA LIBERATO BITENCOURT N 170           MAGALHAES BA21735120RIO DE JANEIRO RJUNIAO UMB DOS CULTOS AFRO BRAS    28021810 000020
10231987175000168817800093673    00007084                     000070840000000000000109                     I017084      28021800000000035003410000017N271217104700000000000102802180000000000000000000000000000000000000000100077601505715ROBERTO RAMOS DA CUNHA                  RUA MOACIR N 107                        XEREM - CENT25245660DUQUE DE CAXIASRJUNIAO UMB DOS CULTOS AFRO BRAS    28021810 000021
10231987175000168817800093673    00007083                     000070830000000000000109                     I017083      28021800000000035003410000017N271217104700000000000102802180000000000000000000000000000000000000000100007708082714CRISTIANE DEODATO                       ESTRADA REAL DE MAUA N 132              MAUA - MAGE 25927304MAGE           RJUNIAO UMB DOS CULTOS AFRO BRAS    28021810 000022
10231987175000168817800093673    00007082                     000070820000000000000109                     I017082      28021800000000035003410000017N271217104700000000000102802180000000000000000000000000000000000000000100009959898776ANGELICA MONTEIRO DE OLIVEIRA           RUA CINCO N 313 - GLEBA A - CHAPERO     ITAGUAI - RJ23831190ITAGUAI        RJUNIAO UMB DOS CULTOS AFRO BRAS    28021810 000023
10231987175000168817800093673    00007081                     000070810000000000000109                     I017081      28021800000000035003410000017N271217104700000000000102802180000000000000000000000000000000000000000100080592368491MARIA JOSE PEREIRA NOGUEIRA DE          ALAMEDA GOIANIA N 26                    ENGENHO DO R24752520SAO GONCALO    RJUNIAO UMB DOS CULTOS AFRO BRAS    28021810 000024
10231987175000168817800093673    00007080                     000070800000000000000109                     I017080      28021800000000035003410000017N271217104700000000000102802180000000000000000000000000000000000000000100015295681700MICHEL FERNANDES BASTOS CRESPO          RUA ROSANGELA TOSTES LOTE 8 QD 21       PARQUE FLUMI26185260BELFORD ROXO   RJUNIAO UMB DOS CULTOS AFRO BRAS    28021810 000025
10231987175000168817800093673    00007079                     000070790000000000000109                     I017079      28021800000000035003410000017N271217104700000000000102802180000000000000000000000000000000000000000100007809907735LUCIANA SANTOS DA SILVA                 BECO ADELIA N 3 - NOSSA SENHORA DAS GRACILHA DO GOVE21932003ILHA DO GOVERNARJUNIAO UMB DOS CULTOS AFRO BRAS    28021810 000026
10231987175000168817800093673    00007078                     000070780000000000000109                     I017078      28021800000000035003410000017N271217104700000000000102802180000000000000000000000000000000000000000100005364326780CARLOS ROBERTO DOLORES CORREA           ESTRADA ADHEMAR BEBIANO N 257           DEL CASTILHO21051071RIO DE JANEIRO RJUNIAO UMB DOS CULTOS AFRO BRAS    28021810 000027
10231987175000168817800093673    00007077                     000070770000000000000109                     I017077      28021800000000035003410000017N271217104700000000000102802180000000000000000000000000000000000000000100080974015768SHEYLA REGINA SERAPHIM DA HORA          RUA CAMBAI 49                           QUINTINO BOC21380300RIO DE JANEIRO RJUNIAO UMB DOS CULTOS AFRO BRAS    28021810 000028
10231987175000168817800093673    00007065                     000070650000000000000109                     I017065      28021800000000035003410000017N271217104700000000000102802180000000000000000000000000000000000000000100080020542704DENISE PINHEIRO MOURA                   RUA SOTERO VAZ                          IRAJA - RJ  21230140RIO DE JANEIRO RJUNIAO UMB DOS CULTOS AFRO BRAS    28021810 000029
10231987175000168817800093673    00007064                     000070640000000000000109                     I017064      28021800000000035003410000017N271217104700000000000102802180000000000000000000000000000000000000000100000907912745JULIO CESAR FRANCA CORREA               RUA ITAPERUNA N 55                      VILA DE CAVA26056260NOVA IGUACU    RJUNIAO UMB DOS CULTOS AFRO BRAS    28021810 000030
10231987175000168817800093673    00007063                     000070630000000000000109                     I017063      28021800000000035003410000017N271217104700000000000102802180000000000000000000000000000000000000000100012663149705DIEGO PARREIRA DE ARAUJO                RUA ERMENEGILDO DE SOUZA QUADRA 18 LOTE JARDIM SAO J23890103SEROPEDICA     RJUNIAO UMB DOS CULTOS AFRO BRAS    28021810 000031
10231987175000168817800093673    00007062                     000070620000000000000109                     I017062      28021800000000035003410000017N271217104700000000000102802180000000000000000000000000000000000000000100067321364704MARGARETH SOARES PECHIR                 RUA PRACINHA CESARIO AGUIAR N 256       PITANGUEIRAS21930230ILHA DO GOVERNARJUNIAO UMB DOS CULTOS AFRO BRAS    28021810 000032
10231987175000168817800093673    00007061                     000070610000000000000109                     I017061      28021800000000035003410000017N271217104700000000000102802180000000000000000000000000000000000000000100008304619733LEILA DO NASCIMENTO COUTINHO            AVENIDA: VICENTE DE CARVALHO N° 1086 RUVILA KOSMO -21210024RIO DE JANEIRO RJUNIAO UMB DOS CULTOS AFRO BRAS    28021810 000033
10231987175000168817800093673    00007059                     000070590000000000000109                     I017059      28021800000000035003410000017N271217104700000000000102802180000000000000000000000000000000000000000100001346507783ANDREIA FERREIRA E CUNHA                RUA TIRADENTES N 465 CASA 4             CONFIDENCIA 26323260NOVA IGUACU    RJUNIAO UMB DOS CULTOS AFRO BRAS    28021810 000034
10231987175000168817800093673    00007058                     000070580000000000000109                     I017058      28021800000000035003410000017N271217104700000000000102802180000000000000000000000000000000000000000100078885647715NELMA ARLOY VIEIRA                      RUA QUIRIRIM N 1534 CASA 34 SUBSOLO     VILA VALQUEI21380658RIO DE JANEIRO RJUNIAO UMB DOS CULTOS AFRO BRAS    28021810 000035
10231987175000168817800093673    00007057                     000070570000000000000109                     I017057      28021800000000035003410000017N271217104700000000000102802180000000000000000000000000000000000000000100089497899734UGO SILVA FILHO                         RUA ITABAIANA N 49 APT 502              GRAJAU - RIO20561050RIO DE JANEIRO RJUNIAO UMB DOS CULTOS AFRO BRAS    28021810 000036
10231987175000168817800093673    00007056                     000070560000000000000109                     I017056      28021800000000035003410000017N271217104700000000000102802180000000000000000000000000000000000000000100054968330782REGINA DA MOTA TRINDADE                 RUA CORVILHA LOTE 5 QUADRA 351          PARADA MORAB25265353DUQUE DE CAXIASRJUNIAO UMB DOS CULTOS AFRO BRAS    28021810 000037
10231987175000168817800093673    00007055                     000070550000000000000109                     I017055      28021800000000035003410000017N271217104700000000000102802180000000000000000000000000000000000000000100004150910715IVONICE DA CONCEICAO                    AVENIDA DON HELDER CAMARA N 6789 CASA 15PILARES - RI20751000RIO DE JANEIRO RJUNIAO UMB DOS CULTOS AFRO BRAS    28021810 000038
10231987175000168817800093673    00007054                     000070540000000000000109                     I017054      28021800000000035003410000017N271217104700000000000102802180000000000000000000000000000000000000000100093130864768SOLANGE GERMANO DA COSTA                RUA URUCUIA N 689 CASA 1                VILA VALQUEI21321310RIO DE JANEIRO RJUNIAO UMB DOS CULTOS AFRO BRAS    28021810 000039
10231987175000168817800093673    00007053                     000070530000000000000109                     I017053      28021800000000035003410000017N271217104700000000000102802180000000000000000000000000000000000000000100030400942895CLAUDIA REIS SANTOS ARAUJO              RUA LUIS PASQUALLE NETO                 SAO JOAO CLI04241030SAO PAULO      SPUNIAO UMB DOS CULTOS AFRO BRAS    28021810 000040
10231987175000168817800093673    00007052                     000070520000000000000109                     I017052      28021800000000035003410000017N271217104700000000000102802180000000000000000000000000000000000000000100003858469750MARIA DO SOCORRO PEREIRA DE SO          RUA CIRENE DE MORAES COSTA SN QUADRA D LTRES FONTES 26382506NOVA IGUACU    RJUNIAO UMB DOS CULTOS AFRO BRAS    28021810 000041
10231987175000168817800093673    00007051                     000070510000000000000109                     I017051      28021800000000035003410000017N271217104700000000000102802180000000000000000000000000000000000000000100007049805769AYSI LUCIA FREIRE DE AZEVEDO F          ESTRADA CAETANO MONTEIRO 747            LARGO DA BAT24320570NITEROI        RJUNIAO UMB DOS CULTOS AFRO BRAS    28021810 000042
10231987175000168817800093673    00007049                     000070490000000000000109                     I017049      28021800000000035003410000017N271217104700000000000102802180000000000000000000000000000000000000000100037257831715WALTANIR LOURENCO DOS SANTOS            RUA APORUNA N 52                        PARQUE SAO J26190130BELFORD ROXO   RJUNIAO UMB DOS CULTOS AFRO BRAS    28021810 000043
10231987175000168817800093673    00007048                     000070480000000000000109                     I017048      28021800000000035003410000017N271217104700000000000102802180000000000000000000000000000000000000000100005474832796VANESSA MANTUANO FERNANDES              RUA CANINDE N 29 CASA 1                 JACARE - RIO20975010RIO DE JANEIRO RJUNIAO UMB DOS CULTOS AFRO BRAS    28021810 000044
10231987175000168817800093673    00007047                     000070470000000000000109                     I017047      28021800000000035003410000017N271217104700000000000102802180000000000000000000000000000000000000000100005785015706JOSE TOMASIO                            RUA DA FIGUEIRA N 102                   TRES POCOS -27240590VOLTA REDONDA  RJUNIAO UMB DOS CULTOS AFRO BRAS    28021810 000045
10231987175000168817800093673    00007046                     000070460000000000000109                     I017046      28021800000000035003410000017N271217104700000000000102802180000000000000000000000000000000000000000100080869513753DINA LADISLAU DE SOUZA                  RUA ANGELA ABELANE SN LOTE 18 QUADRA 15 BRISAMAR - I23826420ITAGUAI        RJUNIAO UMB DOS CULTOS AFRO BRAS    28021810 000046
10231987175000168817800093673    00007045                     000070450000000000000109                     I017045      28021800000000035003410000017N271217104700000000000102802180000000000000000000000000000000000000000100038183868720ZILDA SIMOES DO NASCIMENTO MAN          RUA IBITINGA N 31 LOTE 9                PARQUE SAO B26167160BELFORD ROXO   RJUNIAO UMB DOS CULTOS AFRO BRAS    28021810 000047
10231987175000168817800093673    00007044                     000070440000000000000109                     I017044      28021800000000035003410000017N271217104700000000000102802180000000000000000000000000000000000000000100084597763791VERA LUCIA PASSOS DA COSTA              O MESMO                                 O MESMO     22723497RIO DE JANEIRO RJUNIAO UMB DOS CULTOS AFRO BRAS    28021810 000048
10231987175000168817800093673    00007043                     000070430000000000000109                     I017043      28021800000000035003410000017N271217104700000000000102802180000000000000000000000000000000000000000100002596844737NANCI BARCELOS MACIEL                   MESMO                                   MESMO       21320030RIO DE JANEIRO RJUNIAO UMB DOS CULTOS AFRO BRAS    28021810 000049
10231987175000168817800093673    00007042                     000070420000000000000109                     I017042      28021800000000035003410000017N271217104700000000000102802180000000000000000000000000000000000000000100008714370743NEUZELI SIMOES CARVALHO DE SOU          RUA ENGENHEIRO HENRIQUE LUSSACK N 926   EDSON PASSOS26553500MESQUITA       RJUNIAO UMB DOS CULTOS AFRO BRAS    28021810 000050
10231987175000168817800093673    00007041                     000070410000000000000109                     I017041      28021800000000035003410000017N271217104700000000000102802180000000000000000000000000000000000000000100015477441704RAFAEL LOPES DOS SANTOS                 RUA ARARUAMA N 18 CASA 2                VILAR DOS TE25571430SAO JOAO DE MERRJUNIAO UMB DOS CULTOS AFRO BRAS    28021810 000051
10231987175000168817800093673    00007040                     000070400000000000000109                     I017040      28021800000000035003410000017N271217104700000000000102802180000000000000000000000000000000000000000100009948535723ANA CAROLINA VICENTE TELLES GO          RUA PACHECO JUNIOR N 151                BRAZ DE PINA21211170RIO DE JANEIRO RJUNIAO UMB DOS CULTOS AFRO BRAS    28021810 000052
10231987175000168817800093673    00007039                     000070390000000000000109                     I017039      28021800000000035003410000017N271217104700000000000102802180000000000000000000000000000000000000000100010031741754ALCINEA BENEDITO CARDOSO                RUA DARIDA DE JESUS, 58 CASA 4          JARDIM CENTR23890145RIO DE JANEIRO RJUNIAO UMB DOS CULTOS AFRO BRAS    28021810 000053
10231987175000168817800093673    00007038                     000070380000000000000109                     I017038      28021800000000035003410000017N271217104700000000000102802180000000000000000000000000000000000000000100009850935790ANA PAULA SOARES DA SILVA               RUA TURVO, 331 CASA 1                   IRAJA - RJ  21371240RIO DE JANEIRO RJUNIAO UMB DOS CULTOS AFRO BRAS    28021810 000054
10231987175000168817800093673    00007037                     000070370000000000000109                     I017037      28021800000000035003410000017N271217104700000000000102802180000000000000000000000000000000000000000100089227140778ISIS FONSECA ALVES                      RUA GUACIRA, 135 FUNDOS                 BRAS DE PINA21011170RIO DE JANEIRO RJUNIAO UMB DOS CULTOS AFRO BRAS    28021810 000055
10231987175000168817800093673    00007036                     000070360000000000000109                     I017036      28021800000000035003410000017N271217104700000000000102802180000000000000000000000000000000000000000100045704724787PALMIRA FERREIRA NAVARRO                RUA MARTE, 999                          SANTA TERESI26240290MESQUITA       RJUNIAO UMB DOS CULTOS AFRO BRAS    28021810 000056
10231987175000168817800093673    00007027                     000070270000000000000109                     I017027      28021800000000035003410000017N271217104700000000000102802180000000000000000000000000000000000000000100005626387745VANIA SANTIAGO                          RUA MANOEL VIEIRA, 576                  CENTRO - DUQ25020210DUQUE DE CAXIASRJUNIAO UMB DOS CULTOS AFRO BRAS    28021810 000057
10231987175000168817800093673    00007026                     000070260000000000000109                     I017026      28021800000000035003410000017N271217104700000000000102802180000000000000000000000000000000000000000100083492909787MARCIA DA COSTA BRANDAO                 TRAVESSA MALAFAIA, 49                   DEL CASTILHO21050620RIO DE JANEIRO RJUNIAO UMB DOS CULTOS AFRO BRAS    28021810 000058
10231987175000168817800093673    00007025                     000070250000000000000109                     I017025      28021800000000035003410000017N271217104700000000000102802180000000000000000000000000000000000000000100003867378789ANGELA MIRANDA                          RUA MAZONHA, LT 1 QD 14 - LOTEAMENTO JD CHAPERO - IT23812245ITAGUAI        RJUNIAO UMB DOS CULTOS AFRO BRAS    28021810 000059
10231987175000168817800093673    00007024                     000070240000000000000109                     I017024      28021800000000035003410000017N271217104700000000000102802180000000000000000000000000000000000000000100008665082794CARLOS EDUARDO DE ALMEIDA BOSI          RUA SARGENTO PAULO MOREIRA, 91          SANTO AGOSTI27211150VOLTA REDONDA  RJUNIAO UMB DOS CULTOS AFRO BRAS    28021810 000060
10231987175000168817800093673    00007023                     000070230000000000000109                     I017023      28021800000000035003410000017N271217104700000000000102802180000000000000000000000000000000000000000100001413305709LUCIO MAURO DE AQUINO BARBOSA           RUA FAIA, 455                           ROCHA MIRAND21545110RIO DE JANEIRO RJUNIAO UMB DOS CULTOS AFRO BRAS    28021810 000061
10231987175000168817800093673    00007022                     000070220000000000000109                     I017022      28021800000000035003410000017N271217104700000000000102802180000000000000000000000000000000000000000100007631285705ANDERSON DE OLIVEIRA INACIO             RUA NOSSA SENHORA DE FATIMA, 29         PENHA - RJ  21072750RIO DE JANEIRO RJUNIAO UMB DOS CULTOS AFRO BRAS    28021810 000062
10231987175000168817800093673    00007021                     000070210000000000000109                     I017021      28021800000000035003410000017N271217104700000000000102802180000000000000000000000000000000000000000100003341576762FATIMA REGINA PAREDE                    RUA NANCI, 116                          DE MAIO - NO26052650NOVA IGUACU    RJUNIAO UMB DOS CULTOS AFRO BRAS    28021810 000063
10231987175000168817800093673    00007020                     000070200000000000000109                     I017020      28021800000000035003410000017N271217104700000000000102802180000000000000000000000000000000000000000100057231737749ELIZABETE CARVALHO COSTA                RUA EXPEDICIONARIO SIMAO FERNANDES, 31 BCOLUMBANDE -24451700SAO GONCALO    RJUNIAO UMB DOS CULTOS AFRO BRAS    28021810 000064
10231987175000168817800093673    00007019                     000070190000000000000109                     I017019      28021800000000035003410000017N271217104700000000000102802180000000000000000000000000000000000000000100077351436649RONALDO MARTINS DOS SANTOS              RUA DOMINGOS MARCOS DA SILVA,196        SENHOR DOS M36300356SAO JOAO DEL REMGUNIAO UMB DOS CULTOS AFRO BRAS    28021810 000065
10231987175000168817800093673    00007018                     000070180000000000000109                     I017018      28021800000000035003410000017N271217104700000000000102802180000000000000000000000000000000000000000100016369746789JOAO VITOR LEANDRO DOS SANTOS           AVENIDA PREFEITO BRAULINO DE MATOS REIS,LEOPOLDINA -25060445D. CAXIAS      RJUNIAO UMB DOS CULTOS AFRO BRAS    28021810 000066
10231987175000168817800093673    00007017                     000070170000000000000109                     I017017      28021800000000035003410000017N271217104700000000000102802180000000000000000000000000000000000000000100083493336772CARLOS FRANCISCO ARAGAO DE GOU          RUA DA CARIDADE, LOTE 39 QUADRA 2       TAQUARA - D.25275010DUQUE DE CAXIASRJUNIAO UMB DOS CULTOS AFRO BRAS    28021810 000067
10231987175000168817800093673    00007016                     000070160000000000000109                     I017016      28021800000000035003410000017N271217104700000000000102802180000000000000000000000000000000000000000100015458844718ANDRE LUIZ TRINDADE JUNIOR              RUA ERTA, 25                            IMPERADOR - 25900001MAGE           RJUNIAO UMB DOS CULTOS AFRO BRAS    28021810 000068
10231987175000168817800093673    00007015                     000070150000000000000109                     I017015      28021800000000035003410000017N271217104700000000000102802180000000000000000000000000000000000000000100003139923716ANDRE MARQUES POLICARPO                 RUA PIRACANJUBA  LOTE 11 QUADRA 209     JARDIM CATAR24716051SAO GONCALO    RJUNIAO UMB DOS CULTOS AFRO BRAS    28021810 000069
10231987175000168817800093673    00007014                     000070140000000000000109                     I017014      28021800000000035003410000017N271217104700000000000102802180000000000000000000000000000000000000000100080801048753SUZEEL RODRIGUES BISPO BENJAMI          RUA CURITIBA, 98                        REALENGO - R21730240RIO DE JANEIRO RJUNIAO UMB DOS CULTOS AFRO BRAS    28021810 000070
10231987175000168817800093673    00007013                     000070130000000000000109                     I017013      28021800000000035003410000017N271217104700000000000102802180000000000000000000000000000000000000000100002730493727ALBERTO ALEXANDRE DOS SANTOS M          RUA ECA DE QUEIROZ, QUADRA 60 LOTE 2    PANTANAL - D25040350DUQUE DE CAXIASRJUNIAO UMB DOS CULTOS AFRO BRAS    28021810 000071
10231987175000168817800093673    00007012                     000070120000000000000109                     I017012      28021800000000035003410000017N271217104700000000000102802180000000000000000000000000000000000000000100006156525734SAFIRA COELHO DA CRUZ                   RUA LUKENIE, 88                         CURICICA - T22775480RIO DE JANEIRO RJUNIAO UMB DOS CULTOS AFRO BRAS    28021810 000072
10231987175000168817800093673    00007005                     000070050000000000000109                     I017005      28021800000000035003410000017N271217104700000000000102802180000000000000000000000000000000000000000100012767487798WALACE ALFREDO PEREIRA                  RUA DICURANA, 15                        COSMOS - RJ 23059340RIO DE JANEIRO RJUNIAO UMB DOS CULTOS AFRO BRAS    28021810 000073
10231987175000168817800093673    00007004                     000070040000000000000109                     I017004      28021800000000035003410000017N271217104700000000000102802180000000000000000000000000000000000000000100079227422749ROGERIO DOS SANTOS                      RUA LOURENCO CAMPOS, 156 CASA 1         SAO MATEUS -25525711SAO JOAO DE MERRJUNIAO UMB DOS CULTOS AFRO BRAS    28021810 000074
10231987175000168817800093673    00007002                     000070020000000000000109                     I017002      28021800000000035003410000017N271217104700000000000102802180000000000000000000000000000000000000000100076092712768MARIA DA GLORIA DA SILVA                RUA P, LOTE 40 QUADRA 20                FRAGOSO - MA25935000MAGE           RJUNIAO UMB DOS CULTOS AFRO BRAS    28021810 000075
10231987175000168817800093673    00007001                     000070010000000000000109                     I017001      28021800000000035003410000017N271217104700000000000102802180000000000000000000000000000000000000000100001582280738NATALICIA LOPES PEREIRA                 ALAMEDA JORGINHO, 36 LOTE 11 QUADRA 24  FRAGOSO - MA29000000MAGE           RJUNIAO UMB DOS CULTOS AFRO BRAS    28021810 000076
10231987175000168817800093673    00007000                     000070000000000000000109                     I017000      28021800000000035003410000017N271217104700000000000102802180000000000000000000000000000000000000000100008888032738FATIMA SOARES CARNEIRO                  RUA ANTONIO JOAO MENDONCA, 1466         CENTRO - NIL26515592NILOPOLIS      RJUNIAO UMB DOS CULTOS AFRO BRAS    28021810 000077
10231987175000168817800093673    00006999                     000069990000000000000109                     I016999      28021800000000035003410000017N271217104700000000000102802180000000000000000000000000000000000000000100063579588753EDSON DOS SANTOS ROSA                   RUA VENANCIO ADRES, 1669 - CASA 1       GRAMACHO - D25036170DUQUE DE CAXIASRJUNIAO UMB DOS CULTOS AFRO BRAS    28021810 000078
10231987175000168817800093673    00006998                     000069980000000000000109                     I016998      28021800000000035003410000017N271217104700000000000102802180000000000000000000000000000000000000000100080962190730NILCE TAVARES DA SILVA                  ESTRADA DO ZEPELIN, 16 -  RUA 9         SANTA CRUZ -23555220RIO DE JANEIRO RJUNIAO UMB DOS CULTOS AFRO BRAS    28021810 000079
10231987175000168817800093673    00006997                     000069970000000000000109                     I016997      28021800000000035003410000017N271217104700000000000102802180000000000000000000000000000000000000000100004163698981LEANDRO VIEIRA DOS SANTOS               RUA DIAS DA CRUZ, 50                    JARDIM MERIT25555280RIO DE JANEIRO RJUNIAO UMB DOS CULTOS AFRO BRAS    28021810 000080
10231987175000168817800093673    00006996                     000069960000000000000109                     I016996      28021800000000035003410000017N271217104700000000000102802180000000000000000000000000000000000000000100010503933767THIAGO MARQUES DE CARVALHO              TRAVESSA DA SERVIDAO, 17                CAMPO GRANDE23017405RIO DE JANEIRO RJUNIAO UMB DOS CULTOS AFRO BRAS    28021810 000081
10231987175000168817800093673    00006995                     000069950000000000000109                     I016995      28021800000000035003410000017N271217104700000000000102802180000000000000000000000000000000000000000100072962771734MARCIA CARNAVAL                         RUA AJAPI, 580 CASA 2                   COSMOS - RIO23066420RIO DE JANEIRO RJUNIAO UMB DOS CULTOS AFRO BRAS    28021810 000082
10231987175000168817800093673    00006994                     000069940000000000000109                     I016994      28021800000000035003410000017N271217104700000000000102802180000000000000000000000000000000000000000100084287228720JOSE CARLOS GUEDES DA SILVA             RUA JOSE DE OLIVEIRA, 70                NOVA SEPETIB23530086RIO DE JANEIRO RJUNIAO UMB DOS CULTOS AFRO BRAS    28021810 000083
10231987175000168817800093673    00006992                     000069920000000000000109                     I016992      28021800000000035003410000017N271217104700000000000102802180000000000000000000000000000000000000000100068661533791CARLOS RENNAN CORREIA BORGES            RUA AMERICA DOURADA, LOTE 8 QUADRA 34   CAMPO GRANDE23088240RIO DE JANEIRO RJUNIAO UMB DOS CULTOS AFRO BRAS    28021810 000084
10231987175000168817800093673    00006991                     000069910000000000000109                     I016991      28021800000000035003410000017N271217104700000000000102802180000000000000000000000000000000000000000100093461755753MARCIA SILVA DE ABREU                   AVENIDA DO CATEQUISTA, 43 - BANGU       BANGU - RJ  21842130RIO DE JANEIRO RJUNIAO UMB DOS CULTOS AFRO BRAS    28021810 000085
10231987175000168817800093673    00006990                     000069900000000000000109                     I016990      28021800000000035003410000017N271217104700000000000102802180000000000000000000000000000000000000000100011066424730CARMEZIA GOMES MORAIS DOS SANT          RUA ALBERTO AUGUSTO, 713 - FIGUEIRA     MAGE - RJ   25927890RIO DE JANEIRO RJUNIAO UMB DOS CULTOS AFRO BRAS    28021810 000086
10231987175000168817800093673    00006987                     000069870000000000000109                     I016987      28021800000000035003410000017N271217104700000000000102802180000000000000000000000000000000000000000100009556812784AROLDO ADRIANO DE OLIVEIRA              RUA IBITU, 127 FUNDOS                   REALENGO - R21765510RIO DE JANEIRO RJUNIAO UMB DOS CULTOS AFRO BRAS    28021810 000087
10231987175000168817800093673    00006986                     000069860000000000000109                     I016986      28021800000000035003410000017N271217104700000000000102802180000000000000000000000000000000000000000100040262146720ARABELA SILVA CAMPOS DOS REIS           RUA DUARTE TEIXEIRA, 349 CASA 4         QUINTINO BOC21311330RIO DE JANEIRO RJUNIAO UMB DOS CULTOS AFRO BRAS    28021810 000088
10231987175000168817800093673    00006985                     000069850000000000000109                     I016985      28021800000000035003410000017N271217104700000000000102802180000000000000000000000000000000000000000100009079674770FERNANDA DOS SANTOS SILVA               TRAVESSA IPACARAI, 70 CASA 5            COLUBANDE - 24451290SAO GONCALO    RJUNIAO UMB DOS CULTOS AFRO BRAS    28021810 000089
10231987175000168817800093673    00006984                     000069840000000000000109                     I016984      28021800000000035003410000017N271217104700000000000102802180000000000000000000000000000000000000000100007822585738IZANIRA COSTA                           RUA DOUTOR LUIS SOBRAL, 301             TOMAZINHO - 25525520SAO JOAO DE MERRJUNIAO UMB DOS CULTOS AFRO BRAS    28021810 000090
10231987175000168817800093673    00006983                     000069830000000000000109                     I016983      28021800000000035003410000017N271217104700000000000102802180000000000000000000000000000000000000000100081051026868ANA LUCIA PEREIRA DE SOUZA              AVENIDA SAO FRANCISCO, LOTE 41 QUADRA E PARQUE COLON26183170BELFORD ROXO   RJUNIAO UMB DOS CULTOS AFRO BRAS    28021810 000091
10231987175000168817800093673    00006982                     000069820000000000000109                     I026982      28021800000000035003410000017N271217104700000000000102802180000000000000000000000000000000000000000100002139428790SIMONE GONCALVES GOMES                  RUA ROBERTO BATISTA,  LOTE 2 QUADRA 19  SANTA MARTA 26173300BELFORD ROXO   RJUNIAO UMB DOS CULTOS AFRO BRAS    28021810 000092
10231987175000168817800093673    00006981                     000069810000000000000109                     I016981      28021800000000035003410000017N271217104700000000000102802180000000000000000000000000000000000000000100010880272308FERNANDA DOS SANTOS PEREIRA             RUA LINS DE VASCONCELOS, 593            LINS DE VASC20710130RIO DE JANEIRO RJUNIAO UMB DOS CULTOS AFRO BRAS    28021810 000093
10231987175000168817800093673    00006980                     000069800000000000000109                     I016980      28021800000000035003410000017N271217104700000000000102802180000000000000000000000000000000000000000100090100328768VANDA DA SILVA MARQUES                  RUA TAIUVA, 117 FUNDOS                  PADRE MIGUEL21775450RIO DE JANEIRO RJUNIAO UMB DOS CULTOS AFRO BRAS    28021810 000094
10231987175000168817800093673    00006979                     000069790000000000000109                     I016979      28021800000000035003410000017N271217104700000000000102802180000000000000000000000000000000000000000100007186292720RENATO GONCALVES DUARTE                 RUA CORONEL ALBERTO DE MELLO, 113       CENTENARIO -25030150DUQUE DE CAXIASRJUNIAO UMB DOS CULTOS AFRO BRAS    28021810 000095
10231987175000168817800093673    00006978                     000069780000000000000109                     I016978      28021800000000035003410000017N271217104700000000000102802180000000000000000000000000000000000000000100050002317753IVO DE AZEVEDO COELHO                   RUA REVERINO ABIDIAS NOBRE, 277 CASA 1  COIMBRA - BA21105170RIO DE JANEIRO RJUNIAO UMB DOS CULTOS AFRO BRAS    28021810 000096
10231987175000168817800093673    00006977                     000069770000000000000109                     I016977      28021800000000035003410000017N271217104700000000000102802180000000000000000000000000000000000000000100000261600729ELIANE ZELIA DE OLIVEIRA                RUA VENANCIO AIRES, 1781                GRAMACHO - D25035340DUQUE DE CAXIASRJUNIAO UMB DOS CULTOS AFRO BRAS    28021810 000097
10231987175000168817800093673    00006976                     000069760000000000000109                     I016976      28021800000000035003410000017N271217104700000000000102802180000000000000000000000000000000000000000100000856003778ANA ELIZABETE ANTUNES SANTOS            RUA: GETULIO VARGAS                     SEPETIBA    23540130RIO DE JANEIRO RJUNIAO UMB DOS CULTOS AFRO BRAS    28021810 000098
10231987175000168817800093673    00006975                     000069750000000000000109                     I016975      28021800000000035003410000017N271217104700000000000102802180000000000000000000000000000000000000000100002202729720ANA CLAUDIA NEVES BARRETO               RUA ACARA, 402                          VAZ LOBO    21361310RIO DE JANEIRO RJUNIAO UMB DOS CULTOS AFRO BRAS    28021810 000099
10231987175000168817800093673    00006974                     000069740000000000000109                     I016974      28021800000000035003410000017N271217104700000000000102802180000000000000000000000000000000000000000100008681117750DAVIS CANDIDO PEREIRA                   RUA BALTAZAR,  QUADRA 2 LOTE 21         CAMPO ALEGRE26292276NOVA IGUACU    RJUNIAO UMB DOS CULTOS AFRO BRAS    28021810 000100
10231987175000168817800093673    00006934                     000069340000000000000109                     I016934      28021800000000035003410000017N271217104700000000000102802180000000000000000000000000000000000000000100089209001753ALDIR TEIXEIRA DE SOUZA                 RUA BELO HORIZONTE, 381                 BANGU - RIO 21815141RIO DE JANEIRO RJUNIAO UMB DOS CULTOS AFRO BRAS    28021810 000101
10231987175000168817800093673    00006933                     000069330000000000000109                     I016933      28021800000000035003410000017N271217104700000000000102802180000000000000000000000000000000000000000100003598384726ROSANE QUIRINO DA SILVA                 RUA MANUEL RODRIGUES FONTINHA, 119      NOVA CIDADE 26535270NILOPOLIS      RJUNIAO UMB DOS CULTOS AFRO BRAS    28021810 000102
10231987175000168817800093673    00006932                     000069320000000000000109                     I016932      28021800000000035003410000017N271217104700000000000102802180000000000000000000000000000000000000000100002330389727LENIRA FELIX DA SILVA                   RUA ULISSES ROBERTO, 1524               BOACU - SAO 24467490SAO GONCALO    RJUNIAO UMB DOS CULTOS AFRO BRAS    28021810 000103
10231987175000168817800093673    00006931                     000069310000000000000109                     I016931      28021800000000035003410000017N271217104700000000000102802180000000000000000000000000000000000000000100007429687741MAURO ROBERTO NEVES DA HORA             RUA BRAS CUBAS, 112 BLOCO 3 APTO 106    CONDOMINIO P21520030RIO DE JANEIRO RJUNIAO UMB DOS CULTOS AFRO BRAS    28021810 000104
10231987175000168817800093673    00006930                     000069300000000000000109                     I016930      28021800000000035003410000017N271217104700000000000102802180000000000000000000000000000000000000000100002380864705MARCELO CISNEIROS DA SILVA              RUA GUAIBA, 481                         VILA DA PENH21215070RIO DE JANEIRO RJUNIAO UMB DOS CULTOS AFRO BRAS    28021810 000105
10231987175000168817800093673    00006929                     000069290000000000000109                     I016929      28021800000000035003410000017N271217104700000000000102802180000000000000000000000000000000000000000100055046010704SONIA REGINA PINTO DA SILVA             RUA ARACOIA, 188 FUNDOS                 BRAZ DE PINA21011140RIO DE JANEIRO RJUNIAO UMB DOS CULTOS AFRO BRAS    28021810 000106
10231987175000168817800093673    00006928                     000069280000000000000109                     I016928      28021800000000035003410000017N271217104700000000000102802180000000000000000000000000000000000000000100009963993729LEANDRO DE SOUZA OLIVEIRA               RUA DA MATRIZ, 876                      CENTRO - SAO25525130SAO JOAO DE MERRJUNIAO UMB DOS CULTOS AFRO BRAS    28021810 000107
10231987175000168817800093673    00006927                     000069270000000000000109                     I016927      28021800000000035003410000017N271217104700000000000102802180000000000000000000000000000000000000000100003439982700ANDRE LUIS SANTIAGO DE ALMEIDA          RUA TANGER, 39                          SANTA CRUZ -23555013RIO DE JANEIRO RJUNIAO UMB DOS CULTOS AFRO BRAS    28021810 000108
10231987175000168817800093673    00006926                     000069260000000000000109                     I016926      28021800000000035003410000017N271217104700000000000102802180000000000000000000000000000000000000000100013565688742CAIO CESAR DUARTE DE SOUZA              RUA CALUMBI, 300 APT 305                IRAJA - RIO 21361260RIO DE JANEIRO RJUNIAO UMB DOS CULTOS AFRO BRAS    28021810 000109
10231987175000168817800093673    00006925                     000069250000000000000109                     I016925      28021800000000035003410000017N271217104700000000000102802180000000000000000000000000000000000000000100044239300720WALDIR DAS CHAGAS FILHO                 RUA CALMON CABRAL, 72 CASA 1 FUNDOS     IRAJA - RIO 21235150RIO DE JANEIRO RJUNIAO UMB DOS CULTOS AFRO BRAS    28021810 000110
10231987175000168817800093673    00006923                     000069230000000000000109                     I016923      28021800000000035003410000017N271217104700000000000102802180000000000000000000000000000000000000000100093265042715CARMEN MESQUITA CAMILLO DA SIL          RUA RAUL PEDERNEIRAS, 261               BANGU - RIO 21860210RIO DE JANEIRO RJUNIAO UMB DOS CULTOS AFRO BRAS    28021810 000111
10231987175000168817800093673    00006922                     000069220000000000000109                     I016922      28021800000000035003410000017N271217104700000000000102802180000000000000000000000000000000000000000100049630903768ADELSON MARIANO PEREIRA                 ESTRADA SAO DOMINGOS SAVIO, 868 RUA C LOSANTA CRUZ -23525033RIO DE JANEIRO RJUNIAO UMB DOS CULTOS AFRO BRAS    28021810 000112
10231987175000168817800093673    00006921                     000069210000000000000109                     I016921      28021800000000035003410000017N271217104700000000000102802180000000000000000000000000000000000000000100024540285734FERNANDO PEREIRA DE SOUZA               RUA ALECRIM  1008                       VILA KOSMOS 21220050RIO DE JANEIRO RJUNIAO UMB DOS CULTOS AFRO BRAS    28021810 000113
10231987175000168817800093673    00006920                     000069200000000000000109                     I016920      28021800000000035003410000017N271217104700000000000102802180000000000000000000000000000000000000000100004762099783MARLENE DA CONCEICAO BARRETO            RUA GONZAGA BASTOS, 209 BLOCO C APTO 308TIJUCA - RIO20541000RIO DE JANEIRO RJUNIAO UMB DOS CULTOS AFRO BRAS    28021810 000114
10231987175000168817800093673    00006919                     000069190000000000000109                     I016919      28021800000000035003410000017N271217104700000000000102802180000000000000000000000000000000000000000100083765778753MARCIA REGINA NUNES DA SILVA            RUA AXUA, 227 CASA 16                   TAQUARA - JA22713515RIO DE JANEIRO RJUNIAO UMB DOS CULTOS AFRO BRAS    28021810 000115
10231987175000168817800093673    00006918                     000069180000000000000109                     I016918      28021800000000035003410000017N271217104700000000000102802180000000000000000000000000000000000000000100015415831777DOUGLAS DA SILVA DE SOUZA               RUA CAPINTUBA, 162                      IRAJA - RJ  21361210RIO DE JANEIRO RJUNIAO UMB DOS CULTOS AFRO BRAS    28021810 000116
10231987175000168817800093673    00006917                     000069170000000000000109                     I016917      28021800000000035003410000017N271217104700000000000102802180000000000000000000000000000000000000000100001055608710IARA DA SILVA REGO                      RUA: ALCOBACA 1333 CASA 1               ANCHIETA - R21645001RIO DE JANEIRO RJUNIAO UMB DOS CULTOS AFRO BRAS    28021810 000117
10231987175000168817800093673    00006916                     000069160000000000000109                     I016916      28021800000000035003410000017N271217104700000000000102802180000000000000000000000000000000000000000100074906615791MARIA DE FATIMA FERREIRA TENOR          RUA PRACINHA WALLACE PAES LEME, 1483    CENTRO - NIL26525046NILOPOLIS      RJUNIAO UMB DOS CULTOS AFRO BRAS    28021810 000118
10231987175000168817800093673    00006914                     000069140000000000000109                     I016914      28021800000000035003410000017N271217104700000000000102802180000000000000000000000000000000000000000100003159130452VICENTE FELICIO DA SILVA                RUA LUIZA NEOFILA PIMENTA, 156          ALTO DA CAPE59680000CAMPO GRANDE   RNUNIAO UMB DOS CULTOS AFRO BRAS    28021810 000119
10231987175000168817800093673    00006913                     000069130000000000000109                     I016913      28021800000000035003410000017N271217104700000000000102802180000000000000000000000000000000000000000100001613673728PAULO DA CONCEICAO SOARES               RUA PAULICEIA N 18                      PARQUE SAO B26176380BELFORD ROXO   RJUNIAO UMB DOS CULTOS AFRO BRAS    28021810 000120
10231987175000168817800093673    00006912                     000069120000000000000109                     I016912      28021800000000035003410000017N271217104700000000000102802180000000000000000000000000000000000000000100009979098708WASHINGTON BENTO DA CUNHA               RUA CAMPOS, BLOCO 8 QUADRA A            VILLAR DOS T25570200SAO JOAO DE MERRJUNIAO UMB DOS CULTOS AFRO BRAS    28021810 000121
9                                                                                                                                                                                                                                                                                                                                                                                                         000122
