01REMESSA01COBRANCA       916200163100        União Umb dos Cultos Afro Bra341BANCO ITAU SA  250718                                                                                                                                                                                                                                                                                                      000001
10231987175000168916200163100    000021322                    000213220000000000000109                     I0121322     30071800000000070003410000017N250718104700000000000103007180000000000000000000000000000000000000000100003436203750ANDRE HENRIQUE FELICIO DE AZEV          ESTRADA: VELHA DO PIAI Nº 328 B        SEPETIBA - R23530800RIO DE JANEIRO RJUNIAO UMB DOS CULTOS AFRO BRAS    30071810 000002
10231987175000168916200163100    000021321                    000213210000000000000109                     I0121321     30081800000000035003410000017N250718104700000000000103008180000000000000000000000000000000000000000100010836647785FERNANDO DOS SANTOS DO NORTE            RUA ITAPAGE                             JARDIM SAO G26381429QUEIMADOS      RJUNIAO UMB DOS CULTOS AFRO BRAS    30081810 000003
10231987175000168916200163100    000021320                    000213200000000000000109                     I0121320     30071800000000070003410000017N250718104700000000000103007180000000000000000000000000000000000000000100005361904708VANESSA SANTIAGO DE AZEVEDO BA          AVENIDA TEIXEIRA DE CASTRO N 277 BLOCO 5RAMOS - RJ  21040113RIO DE JANEIRO RJUNIAO UMB DOS CULTOS AFRO BRAS    30071810 000004
10231987175000168916200163100    000021319                    000213190000000000000109                     I0121319     30081800000000035003410000017N250718104700000000000103008180000000000000000000000000000000000000000100000000012023MARCELO MARTINS NASCIMENTO SAN          RUA PRINCESA LEOPOLDINA                 REALENGO    21710421RIO DE JANEIRO RJUNIAO UMB DOS CULTOS AFRO BRAS    30081810 000005
10231987175000168916200163100    000021318                    000213180000000000000109                     I0121318     30081800000000040003410000017N250718104700000000000103008180000000000000000000000000000000000000000100000000011739MARIA FERNANDA ALVES DA SILVA           RUA: COMANDANTE MAGALHAES DE ALMEIDA    MARECHAL HER21210260RIO DE JANEIRO RJUNIAO UMB DOS CULTOS AFRO BRAS    30081810 000006
10231987175000168916200163100    000021054                    000210540000000000000109                     I0221054     30051800000000035003410000017N220518104700000000000103005180000000000000000000000000000000000000000100005361904708VANESSA SANTIAGO DE AZEVEDO BA          AVENIDA TEIXEIRA DE CASTRO N 277 BLOCO 5RAMOS - RJ  21040113RIO DE JANEIRO RJUNIAO UMB DOS CULTOS AFRO BRAS    30051810 000007
10231987175000168916200163100    000021053                    000210530000000000000109                     I0221053     29051800000000070003410000017N220518104700000000000102905180000000000000000000000000000000000000000100096933836720CELIA GOMES DE OLIVEIRA FALCAO          RUA CONDOMINIO 1 DE MAIO, 227 B         MADAME MACHA23740020PETROPOLIS     RJUNIAO UMB DOS CULTOS AFRO BRAS    29051810 000008
10231987175000168916200163100    000021042                    000210420000000000000109                     I0221042     10061800000000140003410000017N220518104700000000000101006180000000000000000000000000000000000000000100010016543752ALEXANDRE TEIXEIRA CAVALCANTE           RUA DOUTOR NUNES N 934                  OLARIA - RIO21021370RIO DE JANEIRO RJUNIAO UMB DOS CULTOS AFRO BRAS    10061810 000009
10231987175000168916200163100    000020987                    000209870000000000000109                     I0220987     18051800000000035003410000017N150518104700000000000101805180000000000000000000000000000000000000000100085725730700MARIA LUCIA DA SILVA BORGES             RUA CACIPORE, 1273                      JARDIM OLAVO25036040DUQUE DE CAXIASRJUNIAO UMB DOS CULTOS AFRO BRAS    18051810 000010
10231987175000168916200163100    000020974                    000209740000000000000109                     I0220974     15051800000000035003410000017N110518104700000000000101505180000000000000000000000000000000000000000200000000006073ARACI AMELIA DA SILVA RIBEIRO           RUA ALIPIO GOMES DOS SANTOS, 493        JARDIM AMERI27340230BARRA DO PIRAI RJUNIAO UMB DOS CULTOS AFRO BRAS    15051810 000011
10231987175000168916200163100    000020824                    000208240000000000000109                     I0220824     10051800000000070003410000017N090518104700000000000101005180000000000000000000000000000000000000000100007809907735LUCIANA SANTOS DA SILVA                 BECO ADELIA N 3 - NOSSA SENHORA DAS GRACILHA DO GOVE21932003ILHA DO GOVERNARJUNIAO UMB DOS CULTOS AFRO BRAS    10051810 000012
10231987175000168916200163100    000020416                    000204160000000000000109                     I3420416     30081800000000035003410000017N070518104700000000000103008180000000000000000000000000000000000000000100040262146720ARABELA SILVA CAMPOS DOS REIS           RUA PEQUIM LOTES 18 E 19 QUADRA 17      DUQUE DE CAX21311330RIO DE JANEIRO RJUNIAO UMB DOS CULTOS AFRO BRAS    30081810 000013
10231987175000168916200163100    000020089                    000200890000000000000109                     I3420089     30081800000000035003410000017N070518104700000000000103008180000000000000000000000000000000000000000100059841672715MONICA TARDELLE                         RUA: EUBANQUE                           ENGENHO DA R20766600RIO DE JANEIRO RJUNIAO UMB DOS CULTOS AFRO BRAS    30081810 000014
10231987175000168916200163100    000019448                    000194480000000000000109                     I0219448     30081800000000035003410000017N070518104700000000000103008180000000000000000000000000000000000000000200000000007562CONCHETA PERRONI DE SOUZA BRAN          RUA JUSTINO DE SOUSA N 76 CASA 4        SAO CRISTOVA21920030RIO DE JANEIRO RJUNIAO UMB DOS CULTOS AFRO BRAS    30081810 000015
10231987175000168916200163100    000018908                    000189080000000000000109                     I0218908     30071800000000040003410000017N070518104700000000000103007180000000000000000000000000000000000000000100005754715730RAPHAEL FEITAIS PASSERI                 RUA GOVERNADOR LEONEL BRIZOLA SN LOTE 4 JARDIM ATLAN24934020MARICA         RJUNIAO UMB DOS CULTOS AFRO BRAS    30071810 000016
10231987175000168916200163100    000018803                    000188030000000000000109                     I3418803     30071800000000035003410000017N070518104700000000000103007180000000000000000000000000000000000000000100095674454787GILVANIA RODRIGUES DE SANTANA           RUA TRAVASSOS, LOTE 4 QUADRA B          PARQUE SAO B26183730BELFORD ROXO   RJUNIAO UMB DOS CULTOS AFRO BRAS    30071810 000017
10231987175000168916200163100    000018519                    000185190000000000000109                     I3418519     30071800000000035003410000017N070518104700000000000103007180000000000000000000000000000000000000000100059841672715MONICA TARDELLE                         RUA: EUBANQUE                           ENGENHO DA R20766600RIO DE JANEIRO RJUNIAO UMB DOS CULTOS AFRO BRAS    30071810 000018
10231987175000168916200163100    000018483                    000184830000000000000109                     I3418483     30071800000000035003410000017N070518104700000000000103007180000000000000000000000000000000000000000100076719588753JULIO CESAR CASTRILON                   RUA: SANTA TEREZINHA Nº 788            MURIQUI - MA23870000MANGARATIBA    RJUNIAO UMB DOS CULTOS AFRO BRAS    30071810 000019
10231987175000168916200163100    000018479                    000184790000000000000109                     I3418479     30071800000000035003410000017N070518104700000000000103007180000000000000000000000000000000000000000100008324809759CARLA DA SILVA JUSTINO                  RUA DAS CAMELIAS, QUADRA 12 LOTE 5      PIRANEMA - I23855220ITAGUAI        RJUNIAO UMB DOS CULTOS AFRO BRAS    30071810 000020
10231987175000168916200163100    000018348                    000183480000000000000109                     I3418348     30071800000000035003410000017N070518104700000000000103007180000000000000000000000000000000000000000200000000010260MARA LUCIA CANDIDO RAMOS                RUA NOSSA SENHORA DA PENHA, CASA 7 B    MANGUEIRAL -21755140RIO DE JANEIRO RJUNIAO UMB DOS CULTOS AFRO BRAS    30071810 000021
10231987175000168916200163100    000018214                    000182140000000000000109                     I3418214     30071800000000035003410000017N070518104700000000000103007180000000000000000000000000000000000000000100083697799720ANGELA MARIA FERRAZ FARIAS              RUA LUIS BELTRAO, 1171                  VILA VALQUEI21321230RIO DE JANEIRO RJUNIAO UMB DOS CULTOS AFRO BRAS    30071810 000022
10231987175000168916200163100    000017878                    000178780000000000000109                     I0217878     30071800000000035003410000017N070518104700000000000103007180000000000000000000000000000000000000000200000000007562CONCHETA PERRONI DE SOUZA BRAN          RUA JUSTINO DE SOUSA N 76 CASA 4        SAO CRISTOVA21920030RIO DE JANEIRO RJUNIAO UMB DOS CULTOS AFRO BRAS    30071810 000023
10231987175000168916200163100    000016024                    000160240000000000000109                     I3416024     30061800000000040003410000017N070518104700000000000103006180000000000000000000000000000000000000000100009526018770VERONICA MARIA LIMA                     RUA KEMAL PALHA                         VILA SANTO A25040220DUQUE DE CAXIASRJUNIAO UMB DOS CULTOS AFRO BRAS    30061810 000024
10231987175000168916200163100    000016019                    000160190000000000000109                     I3416019     30061800000000035003410000017N070518104700000000000103006180000000000000000000000000000000000000000100014907708793THIAGO CARVALHO VIDAL LIMA              RUA: DONA DUCHA                         MARIA CONGA 25900353MAGE           RJUNIAO UMB DOS CULTOS AFRO BRAS    30061810 000025
10231987175000168916200163100    000015808                    000158080000000000000109                     I0215808     30061800000000035003410000017N070518104700000000000103006180000000000000000000000000000000000000000100010016543752ALEXANDRE TEIXEIRA CAVALCANTE           RUA DOUTOR NUNES N 934                  OLARIA - RIO21021370RIO DE JANEIRO RJUNIAO UMB DOS CULTOS AFRO BRAS    30061810 000026
10231987175000168916200163100    000015776                    000157760000000000000109                     I0215776     30061800000000035003410000017N070518104700000000000103006180000000000000000000000000000000000000000100005361904708VANESSA SANTIAGO DE AZEVEDO BA          AVENIDA TEIXEIRA DE CASTRO N 277 BLOCO 5RAMOS - RJ  21040113RIO DE JANEIRO RJUNIAO UMB DOS CULTOS AFRO BRAS    30061810 000027
10231987175000168916200163100    000015718                    000157180000000000000109                     I0215718     30061800000000040003410000017N070518104700000000000103006180000000000000000000000000000000000000000100005754715730RAPHAEL FEITAIS PASSERI                 RUA GOVERNADOR LEONEL BRIZOLA SN LOTE 4 JARDIM ATLAN24934020MARICA         RJUNIAO UMB DOS CULTOS AFRO BRAS    30061810 000028
10231987175000168916200163100    000015613                    000156130000000000000109                     I3415613     30061800000000035003410000017N070518104700000000000103006180000000000000000000000000000000000000000100095674454787GILVANIA RODRIGUES DE SANTANA           RUA TRAVASSOS, LOTE 4 QUADRA B          PARQUE SAO B26183730BELFORD ROXO   RJUNIAO UMB DOS CULTOS AFRO BRAS    30061810 000029
10231987175000168916200163100    000015438                    000154380000000000000109                     I3415438     30061800000000035003410000017N070518104700000000000103006180000000000000000000000000000000000000000100051562430700EMILIA SANTANA MORAIS                   RUA JORNALISTA MOACIR PADILHA, 276 FUNDOCENTRO - NIT24020350NITEROI        RJUNIAO UMB DOS CULTOS AFRO BRAS    30061810 000030
10231987175000168916200163100    000015363                    000153630000000000000109                     I0215363     30061800000000035003410000017N070518104700000000000103006180000000000000000000000000000000000000000100079013686753NEIVA NUNES SENNA                       ALAMEDA SAO SEBASTIAO LOTE 23 QUADRA 12 SAO FRANCISC26352680NOVA IGUACU    RJUNIAO UMB DOS CULTOS AFRO BRAS    30061810 000031
10231987175000168916200163100    000015293                    000152930000000000000109                     I3415293     30061800000000035003410000017N070518104700000000000103006180000000000000000000000000000000000000000100076719588753JULIO CESAR CASTRILON                   RUA: SANTA TEREZINHA Nº 788            MURIQUI - MA23870000MANGARATIBA    RJUNIAO UMB DOS CULTOS AFRO BRAS    30061810 000032
10231987175000168916200163100    000015025                    000150250000000000000109                     I3415025     30061800000000035003410000017N070518104700000000000103006180000000000000000000000000000000000000000100083697799720ANGELA MARIA FERRAZ FARIAS              RUA LUIS BELTRAO, 1171                  VILA VALQUEI21321230RIO DE JANEIRO RJUNIAO UMB DOS CULTOS AFRO BRAS    30061810 000033
10231987175000168916200163100    000014655                    000146550000000000000109                     I3414655     30061800000000035003410000017N070518104700000000000103006180000000000000000000000000000000000000000100076896960744MARIA LUCIA DE OLIVEIRA NUNES           AVENIDA DO CORRETOR N 116               VILA ALIANCA21842340RIO DE JANEIRO RJUNIAO UMB DOS CULTOS AFRO BRAS    30061810 000034
10231987175000168916200163100    000014471                    000144710000000000000109                     I0214471     15051800000000105003410000017N040518104700000000000101505180000000000000000000000000000000000000000100089207963787NICEIA SANTOS FRANCA                    TRAVESSA VIANA BARBOSA                  SEPETIBA    23550360RIO DE JANEIRO RJUNIAO UMB DOS CULTOS AFRO BRAS    15051810 000035
10231987175000168916200163100    000014465                    000144650000000000000109                     I0214465     10051800000000385003410000017N030518104700000000000101005180000000000000000000000000000000000000000100005256804707SUSI ROSANA DE OLIVEIRA - JANA          O MESMO                                 O MESMO     21765000RIO DE JANEIRO RJUNIAO UMB DOS CULTOS AFRO BRAS    10051810 000036
10231987175000168916200163100    000014460                    000144600000000000000109                     I0214460     04051800000000070003410000017N020518104700000000000100405180000000000000000000000000000000000000000100038923335720MARILENE LOPES                          RUA: LIBERATO                           MESQUITA    26235180MESQUITA       RJUNIAO UMB DOS CULTOS AFRO BRAS    04051810 000037
10231987175000168916200163100    000014415                    000144150000000000000109                     I0214415     10051800000000525003410000017N170418104700000000000101005180000000000000000000000000000000000000000100000357281756ROSA ELENA DA CONCEICAO ALVES           TRAVESSA TIRADENTES N 23 CASA 4         OLINDA - NIL26535370NILOPOLIS      RJUNIAO UMB DOS CULTOS AFRO BRAS    10051810 000038
10231987175000168916200163100    000014411                    000144110000000000000109                     I0214411     30041800000000350003410000017N170418104700000000000103004180000000000000000000000000000000000000000100088504794768FATIMA MARIA DE OLIVEIRA                RUA TELMA, 22                           CABUCU - JAR26291266NOVA IGUACU    RJUNIAO UMB DOS CULTOS AFRO BRAS    30041810 000039
10231987175000168916200163100    000014409                    000144090000000000000109                     I0214409     30041800000000448003410000017N170418104700000000000103004180000000000000000000000000000000000000000100000000002295CARLOS RENATO DE ABREU ALMEIDA          RUA GUIRAREIA Nº 131                   IRAJA - RJ  21371420RIO DE JANEIRO RJUNIAO UMB DOS CULTOS AFRO BRAS    30041810 000040
10231987175000168916200163100    000014403                    000144030000000000000109                     I0214403     15051800000000105003410000017N160418104700000000000101505180000000000000000000000000000000000000000200000000003341HELENA MARIA DA SILVA                   RUA VINTE E QUATRO DE OUTUBRO,  QUADRA BBARRO BRANCO25267450DUQUE DE CAXIASRJUNIAO UMB DOS CULTOS AFRO BRAS    15051810 000041
10231987175000168916200163100    000014390                    000143900000000000000109                     I0214390     20041800000000070003410000017N110418104700000000000102004180000000000000000000000000000000000000000100032955761420VRADELEIDE MARIA DOS SANTOS             ESTRADA MARACAJAS, 725 CASA 2 FUNDOS    ILHA DO GOVE21941390RIO DE JANEIRO RJUNIAO UMB DOS CULTOS AFRO BRAS    20041810 000042
10231987175000168916200163100    000014363                    000143630000000000000109                     I0214363     13041800000000105003410000017N100418104700000000000101304180000000000000000000000000000000000000000100002349584720UANDERSON MARTINS DE PAULA              RUA MUNIZ E BARROS Nº 988 APTº 102    MIGUEL PEREI26910000MIGUEL PEREIRA RJUNIAO UMB DOS CULTOS AFRO BRAS    13041810 000043
10231987175000168916200163100    000014290                    000142900000000000000109                     I0214290     10041800000000419873410000017N290318104700000000000101004180000000000000000000000000000000000000000100068760680725ANNA LUCIA DE SOUZA                     RUA: JOAO DANIEL                        BENTO RIBEIR21550480RIO DE JANEIRO RJUNIAO UMB DOS CULTOS AFRO BRAS    10041810 000044
10231987175000168916200163100    000014287                    000142870000000000000109                     I0214287     10041800000000772553410000017N290318104700000000000101004180000000000000000000000000000000000000000100082228507768IARA LUCIA RIBEIRO QUINTINO             RUA: JOAO DANIEL                        BENTO RIBEIR21550480RIO DE JANEIRO RJUNIAO UMB DOS CULTOS AFRO BRAS    10041810 000045
10231987175000168916200163100    000014286                    000142860000000000000109                     I0214286     10041800000000581553410000017N290318104700000000000101004180000000000000000000000000000000000000000100007854516766NATALIE SILVA DE LIMA                   RUA: JOAO DANIEL                        BENTO RIBEIR21550480RIO DE JANEIRO RJUNIAO UMB DOS CULTOS AFRO BRAS    10041810 000046
10231987175000168916200163100    000014280                    000142800000000000000109                     I0214280     10041800000000492283410000017N290318104700000000000101004180000000000000000000000000000000000000000100099608421420NEHILTON ANTONIO DOS SANTOS             RUA: ALCIDES MAIA                       BENTO RIBEIR21550560RIO DE JANEIRO RJUNIAO UMB DOS CULTOS AFRO BRAS    10041810 000047
10231987175000168916200163100    000014269                    000142690000000000000109                     I0214269     30041800000000035003410000017N280318104700000000000103004180000000000000000000000000000000000000000100007253631773CARLOS EDUARDO IZIDORO DE OLIV          RUA BRINCO DE PRINCESA N 980            PARQUE RESID07159630GUARULHOS      SPUNIAO UMB DOS CULTOS AFRO BRAS    30041810 000048
10231987175000168916200163100    000014237                    000142370000000000000109                     I0214237     30041800000000035003410000017N160318104700000000000103004180000000000000000000000000000000000000000100078893739704DENISE QUEIROZ CARNEIRO                 ESTRADA DO LAMEIRAO/ RUA PAINEIRAS, 30  SANTISSIMO -23092031RIO DE JANEIRO RJUNIAO UMB DOS CULTOS AFRO BRAS    30041810 000049
10231987175000168916200163100    000014235                    000142350000000000000109                     I0214235     30041800000000035003410000017N160318104700000000000103004180000000000000000000000000000000000000000100046180303720ALANIR SOARES DA SILVA                  RUA QUATORZE, LOTE 14 QUADRA 32         SANTA CRUZ -23520292RIO DE JANEIRO RJUNIAO UMB DOS CULTOS AFRO BRAS    30041810 000050
10231987175000168916200163100    000014231                    000142310000000000000109                     I0214231     30041800000000035003410000017N160318104700000000000103004180000000000000000000000000000000000000000100001388677717EDSON LUIZ COSTA SOARES                 RUA: LEOCADIO MELLO 326                 JARDIM NOVA 26272060NOVA IGUACU    RJUNIAO UMB DOS CULTOS AFRO BRAS    30041810 000051
10231987175000168916200163100    000014221                    000142210000000000000109                     I0214221     30041800000000035003410000017N150318104700000000000103004180000000000000000000000000000000000000000100005933193704ANA PAULA DA SILVA SANTOS               RUA: APIACA                             JARDIM BARRO25267290DUQUE DE CAXIASRJUNIAO UMB DOS CULTOS AFRO BRAS    30041810 000052
10231987175000168916200163100    000014215                    000142150000000000000109                     I0214215     30041800000000035003410000017N150318104700000000000103004180000000000000000000000000000000000000000100010018753701PAULA DE BRITO                          RUA FRANCISCO VIOLTI                    HELIOPOLIS  26125440RIO DE JANEIRO RJUNIAO UMB DOS CULTOS AFRO BRAS    30041810 000053
10231987175000168916200163100    000014207                    000142070000000000000109                     I0214207     13041800000000330003410000017N130318104700000000000101304180000000000000000000000000000000000000000100002161361724ELISANGELA VIRGINIA CARVALHO A          RUA MARIA BENJAMIN N 391 CASA 1         PILARES - RI20950360RIO DE JANEIRO RJUNIAO UMB DOS CULTOS AFRO BRAS    13041810 000054
10231987175000168916200163100    000014206                    000142060000000000000109                     I0214206     13041800000000330003410000017N120318104700000000000101304180000000000000000000000000000000000000000100002161361724ELISANGELA VIRGINIA CARVALHO A          RUA MARIA BENJAMIN N 391 CASA 1         PILARES - RI20950360RIO DE JANEIRO RJUNIAO UMB DOS CULTOS AFRO BRAS    13041810 000055
10231987175000168916200163100    000014198                    000141980000000000000109                     I0214198     30041800000000035003410000017N120318104700000000000103004180000000000000000000000000000000000000000100002161361724ELISANGELA VIRGINIA CARVALHO A          RUA MARIA BENJAMIN N 391 CASA 1         PILARES - RI20950360RIO DE JANEIRO RJUNIAO UMB DOS CULTOS AFRO BRAS    30041810 000056
10231987175000168916200163100    000014172                    000141720000000000000109                     I0214172     30041800000000040003410000017N060318104700000000000103004180000000000000000000000000000000000000000100090468414720MARCOS MELLO TERRA                      O MESMO                                 O MESMO     25915000MAGE           RJUNIAO UMB DOS CULTOS AFRO BRAS    30041810 000057
10231987175000168916200163100    000014159                    000141590000000000000109                     I0214159     30041800000000040003410000017N050318104700000000000103004180000000000000000000000000000000000000000100094635650782ALFREDO DOMINGOS HAFNER                 RUA: DONA EMILIA                        PIABETA     25931606MAGE           RJUNIAO UMB DOS CULTOS AFRO BRAS    30041810 000058
10231987175000168916200163100    000014152                    000141520000000000000109                     I0214152     30041800000000035003410000017N010318104700000000000103004180000000000000000000000000000000000000000100058756280734SANDRA REGINA DA CONCEICAO              RUA BUENOS AIRES                        JARDIM PERNA26275390NOVA IGUACU    RJUNIAO UMB DOS CULTOS AFRO BRAS    30041810 000059
10231987175000168916200163100    000014111                    000141110000000000000109                     I0214111     10041800000000350003410000017N270218104700000000000101004180000000000000000000000000000000000000000100084908157715RAQUEL TAVARES FERREIRA DA SIL          RUA CATULO CEARENSE, 204                VILA GENI - 23825290RIO DE JANEIRO RJUNIAO UMB DOS CULTOS AFRO BRAS    10041810 000060
10231987175000168916200163100    000014106                    000141060000000000000109                     I0214106     10041800000000350003410000017N270218104700000000000101004180000000000000000000000000000000000000000200000000001673DAVID MOREIRA DE MENDONCA               RUA GENERAL RENATO PIQUET, LOTE 27 QUADRVILA GENI - 23825460ITAGUAI        RJUNIAO UMB DOS CULTOS AFRO BRAS    10041810 000061
10231987175000168916200163100    000014104                    000141040000000000000109                     I0214104     10041800000000350003410000017N270218104700000000000101004180000000000000000000000000000000000000000200000000006562GINO ZACARIAS DE JESUS                  RUA NOVE, 2                             VILA GENI - 23830010RIO DE JANEIRO RJUNIAO UMB DOS CULTOS AFRO BRAS    10041810 000062
10231987175000168916200163100    000014085                    000140850000000000000109                     I0214085     30041800000000035003410000017N270218104700000000000103004180000000000000000000000000000000000000000100012781404764RICARDO RIBEIRO DOS SANTOS              RUA MARIA FRANCISCA,16 B                CENTRO - CAM23050030RIO DE JANEIRO RJUNIAO UMB DOS CULTOS AFRO BRAS    30041810 000063
10231987175000168916200163100    000014072                    000140720000000000000109                     I0214072     30041800000000035003410000017N260218104700000000000103004180000000000000000000000000000000000000000100015903167896PRISCILA APARECIDA SERRANO CLE          MESMO                                   MESMO       02251010SAO PAULO      SPUNIAO UMB DOS CULTOS AFRO BRAS    30041810 000064
10231987175000168916200163100    000014058                    000140580000000000000109                     I0214058     30041800000000035003410000017N260218104700000000000103004180000000000000000000000000000000000000000100013911839758EDSON SILVA DOS SANTOS                  RUA WALDOMIRO JOSE PEREIRA              HELIOPOLIS -26125500BELFORD ROXO   RJUNIAO UMB DOS CULTOS AFRO BRAS    30041810 000065
10231987175000168916200163100    000014036                    000140360000000000000109                     I0214036     30041800000000035003410000017N260218104700000000000103004180000000000000000000000000000000000000000100072962771734MARCIA CARNAVAL                         RUA AJAPI, 580 CASA 2                   COSMOS - RIO23066420RIO DE JANEIRO RJUNIAO UMB DOS CULTOS AFRO BRAS    30041810 000066
10231987175000168916200163100    000014033                    000140330000000000000109                     I0214033     30041800000000035003410000017N260218104700000000000103004180000000000000000000000000000000000000000200000000012567FLAVIA DE CARVALHO TORRES               RUA Z N 22                              SANTA TEREZA20251600RIO DE JANEIRO RJUNIAO UMB DOS CULTOS AFRO BRAS    30041810 000067
10231987175000168916200163100    000014027                    000140270000000000000109                     I0214027     30041800000000035003410000017N230218104700000000000103004180000000000000000000000000000000000000000100097129461772ROSINEIDE BARBOSA DA SILVA              RUA: ADILSON FERREIRA LOTE 10 - VILA MAGPIABETA - MA24210205MAGE           RJUNIAO UMB DOS CULTOS AFRO BRAS    30041810 000068
10231987175000168916200163100    000014024                    000140240000000000000109                     I0214024     30041800000000035003410000017N230218104700000000000103004180000000000000000000000000000000000000000100000858723778GEOVANI FERNANDA DA SILVA               RUA SOFIA BARRETO                       VITOR DUMAS 23550700RIO DE JANEIRO RJUNIAO UMB DOS CULTOS AFRO BRAS    30041810 000069
10231987175000168916200163100    000014006                    000140060000000000000109                     I0214006     30041800000000035003410000017N230218104700000000000103004180000000000000000000000000000000000000000100074190741787JOSE ITAGIBA RODRIGUES                  TRAVESSA SANTA ROSA, LOTE 35            CAPELA - MAG25916060MAGE           RJUNIAO UMB DOS CULTOS AFRO BRAS    30041810 000070
10231987175000168916200163100    000013993                    000139930000000000000109                     I0213993     30041800000000035003410000017N220218104700000000000103004180000000000000000000000000000000000000000100063705630725JOSE ANTONIO SOARES PENEDO              RUA MANUEL DA SILVA, LOTE 23 E 24 QUADRAIRAJA - RJ  21235210RIO DE JANEIRO RJUNIAO UMB DOS CULTOS AFRO BRAS    30041810 000071
10231987175000168916200163100    000013990                    000139900000000000000109                     I0213990     30041800000000035003410000017N220218104700000000000103004180000000000000000000000000000000000000000100003537257732MARIA APARECIDA RISTICH MACHAD          RUA DIAS DA CRUZ N 923                  MEIER - RIO 20720011RIO DE JANEIRO RJUNIAO UMB DOS CULTOS AFRO BRAS    30041810 000072
10231987175000168916200163100    000013981                    000139810000000000000109                     I0213981     30041800000000035003410000017N220218104700000000000103004180000000000000000000000000000000000000000100007128617779NEIDE TELES DO NASCIMENTO               RUA: ARACA Nº 541                      RICARDO DE A21620050RIO DE JANEIRO RJUNIAO UMB DOS CULTOS AFRO BRAS    30041810 000073
10231987175000168916200163100    000013978                    000139780000000000000109                     I0213978     30041800000000035003410000017N220218104700000000000103004180000000000000000000000000000000000000000100059480904772EDSON CORREIA                           RUA NOVA ATLANTIDA, 543                 ROSA DOS VEN26278757NOVA IGUACU    RJUNIAO UMB DOS CULTOS AFRO BRAS    30041810 000074
10231987175000168916200163100    000013966                    000139660000000000000109                     I0213966     04051800000000350003410000017N210218104700000000000100405180000000000000000000000000000000000000000100064392791734ORDALINA PEDROZO TOMAZ DE AQUI          RUA ABEL DE ALVARENGA                   CHATUBA     26246340MESQUITA       RJUNIAO UMB DOS CULTOS AFRO BRAS    04051810 000075
10231987175000168916200163100    00008651                     000086510000000000000109                     I348651      31011800000000035003410000017N020118104700000000000103101180000000000000000000000000000000000000000100083697799720ANGELA MARIA FERRAZ FARIAS              RUA LUIS BELTRAO, 1171                  VILA VALQUEI21321230RIO DE JANEIRO RJUNIAO UMB DOS CULTOS AFRO BRAS    31011810 000076
9                                                                                                                                                                                                                                                                                                                                                                                                         000077
