01REMESSA01COBRANCA       817800093673        União Umb dos Cultos Afro Bra341BANCO ITAU SA  090118                                                                                                                                                                                                                                                                                                      000001
10231987175000168817800093673    00009003                     000090030000000000000109                     I019003      12011800000000770003410000017N090118050900000000000101201180000000000000000000000000000000000000000100012254455745LUIZ DE OLIVEIRA NERY NETO              O MESMO                                 O MESMO     20710070RIO DE JANEIRO RJUNIAO UMB DOS CULTOS AFRO BRAS    12011810 000002
10231987175000168817800093673    00008185                     000081850000000000000109                     I028185      28021800000000035003410000017N291217050900000000000102802180000000000000000000000000000000000000000100034194924720DELSON ANDRE DO NASCIMENTO              RUA TRES, 152                           CORUMBA - NO26033530NOVA IGUACU    RJUNIAO UMB DOS CULTOS AFRO BRAS    28021810 000003
10231987175000168817800093673    00008166                     000081660000000000000109                     I028166      28021800000000035003410000017N291217050900000000000102802180000000000000000000000000000000000000000100094051259749VANDA DA SILVA BARBOSA                  RUA MARIA DA GLORIA SANTOS, 13          SAO FERNANDO23565230RIO DE JANEIRO RJUNIAO UMB DOS CULTOS AFRO BRAS    28021810 000004
10231987175000168817800093673    00007955                     000079550000000000000109                     I027955      28021800000000035003410000017N291217050900000000000102802180000000000000000000000000000000000000000100054329824591CATIA DE SOUZA DALTRO                   RUA FREDERICO LIMA N 180                MADUREIRA - 21360280RIO DE JANEIRO RJUNIAO UMB DOS CULTOS AFRO BRAS    28021810 000005
10231987175000168817800093673    00007925                     000079250000000000000109                     I017925      28021800000000035003410000017N291217050900000000000102802180000000000000000000000000000000000000000100050742775715DOMINGAS APRIGIO DOS SANTOS             RUA GENERAL JOAO SARAIVA, 5             ARNALDO EUGE23016340RIO DE JANEIRO RJUNIAO UMB DOS CULTOS AFRO BRAS    28021810 000006
10231987175000168817800093673    00007261                     000072610000000000000109                     I017261      28021800000000035003410000017N271217050900000000000102802180000000000000000000000000000000000000000100092111777749WANDERLEY DOS SANTOS MENDES             PRACA EMBOABA Nº 67                    ENGENHO DA R20761160RIO DE JANEIRO RJUNIAO UMB DOS CULTOS AFRO BRAS    28021810 000007
10231987175000168817800093673    00007260                     000072600000000000000109                     I017260      28021800000000035003410000017N271217050900000000000102802180000000000000000000000000000000000000000100009416663794IGOR DO NASCIMENTO RODRIGUES            RUA FIGUEIREDO ROCHA N 665              VIGARIO GERA21240660RIO DE JANEIRO RJUNIAO UMB DOS CULTOS AFRO BRAS    28021810 000008
10231987175000168817800093673    00007259                     000072590000000000000109                     I017259      28021800000000035003410000017N271217050900000000000102802180000000000000000000000000000000000000000100090432894772ALTAMIRO DAMASCENO MONCAO               RUA TENERIFE N 8 - PARADA DE LUCAS      PARADA DE LU21010000RIO DE JANEIRO RJUNIAO UMB DOS CULTOS AFRO BRAS    28021810 000009
10231987175000168817800093673    00007258                     000072580000000000000109                     I017258      28021800000000035003410000017N271217050900000000000102802180000000000000000000000000000000000000000100040664325734GENI BARBOSA ROCHA DA SILVA             O MESMO                                 O MESMO     25268020RIO DE JANEIROIRJUNIAO UMB DOS CULTOS AFRO BRAS    28021810 000010
10231987175000168817800093673    00007256                     000072560000000000000109                     I017256      28021800000000035003410000017N271217050900000000000102802180000000000000000000000000000000000000000100012003631755ALEXSANDRO CORREA                       RUA SEBASTIAO DE SOUZA GOUVEIA N 12 CASAIRAJA - RIO 21235410RIO DE JANEIRO RJUNIAO UMB DOS CULTOS AFRO BRAS    28021810 000011
10231987175000168817800093673    00007255                     000072550000000000000109                     I017255      28021800000000035003410000017N271217050900000000000102802180000000000000000000000000000000000000000100087306689720JANAINA SANTA CRUZ COSTA                ALAMEDA SANTO ANTONIO N 974             SEPETIBA - R23535660RIO DE JANEIRO RJUNIAO UMB DOS CULTOS AFRO BRAS    28021810 000012
10231987175000168817800093673    00007254                     000072540000000000000109                     I017254      28021800000000035003410000017N271217050900000000000102802180000000000000000000000000000000000000000100092915434700MARIA MANOLA GIL DE ALMEIDA             RUA MARQUES GUIMARAES N 19              IRAJA - RIO 21230820RIO DE JANEIRO RJUNIAO UMB DOS CULTOS AFRO BRAS    28021810 000013
10231987175000168817800093673    00007253                     000072530000000000000109                     I017253      28021800000000035003410000017N271217050900000000000102802180000000000000000000000000000000000000000100060210389753ROZANA DOS SANTOS                       RUA MARANHAO N 1057 RUA B CASA 73       MEIER - RIO 23060720RIO DE JANEIRO RJUNIAO UMB DOS CULTOS AFRO BRAS    28021810 000014
10231987175000168817800093673    00007252                     000072520000000000000109                     I017252      28021800000000035003410000017N271217050900000000000102802180000000000000000000000000000000000000000100088041883753JORGE COSTA BRAGA FILHO                 RUA MARQUES DE JACAREPAGUA N 707 BLOCO 2TAQUARA - RI22730290RIO DE JANEIRO RJUNIAO UMB DOS CULTOS AFRO BRAS    28021810 000015
10231987175000168817800093673    00007251                     000072510000000000000109                     I017251      28021800000000035003410000017N271217050900000000000102802180000000000000000000000000000000000000000100016618405742MILTON CARLOS JUNIO QUINTANILH          RUA SEIS LOTES 13 E 14 QUADRA 8         PARADA MORAB25265000DUQUE DE CAXIASRJUNIAO UMB DOS CULTOS AFRO BRAS    28021810 000016
10231987175000168817800093673    00007250                     000072500000000000000109                     I017250      28021800000000035003410000017N271217050900000000000102802180000000000000000000000000000000000000000100005234763706LUCIANA FERREIRA DE ALMEIDA             RUA QUATRO LOTE 1 QUADRA 258            PARADA MORAB25265220DUQUE DE CAXIASRJUNIAO UMB DOS CULTOS AFRO BRAS    28021810 000017
10231987175000168817800093673    00007249                     000072490000000000000109                     I017249      28021800000000035003410000017N271217050900000000000102802180000000000000000000000000000000000000000100012009305760DEBORA CRISTINA DE OLIVEIRA BR          RUA ORLANDO CARLOS DA CONCEICAO N 10    COROA GRANDE23820800ITAGUAI        RJUNIAO UMB DOS CULTOS AFRO BRAS    28021810 000018
10231987175000168817800093673    00007248                     000072480000000000000109                     I017248      28021800000000035003410000017N271217050900000000000102802180000000000000000000000000000000000000000100000759136742ADRIANA LAPORT ALVES                    RUA DONA CLARA DE ARAUJO N 681          ANDRADE ARAU26010390NOVA IGUACU    RJUNIAO UMB DOS CULTOS AFRO BRAS    28021810 000019
10231987175000168817800093673    00007247                     000072470000000000000109                     I017247      28021800000000035003410000017N271217050900000000000102802180000000000000000000000000000000000000000100084301724753ANA LUCIA FERREIRA DA SILVA             RUA HUGO CESAR MONTEIRO DA SILVA N 42   CAICARA - NO26015000NOVA IGUACU    RJUNIAO UMB DOS CULTOS AFRO BRAS    28021810 000020
10231987175000168817800093673    00007246                     000072460000000000000109                     I017246      28021800000000035003410000017N271217050900000000000102802180000000000000000000000000000000000000000100090618254749NELY MOREIRA GOMES                      RUA GOMES CARNEIRO SN LOTE 12 QUADRA 60 SARACURUNA -25211050DUQUE DE CAXIASRJUNIAO UMB DOS CULTOS AFRO BRAS    28021810 000021
10231987175000168817800093673    00007245                     000072450000000000000109                     I017245      28021800000000035003410000017N271217050900000000000102802180000000000000000000000000000000000000000100076348547787EDIVANICE DE OLIVEIRA DA CRUZ           RUA J J COWSERT N 300 CASA 20           TOMAS COELHO21370450RIO DE JANEIRO RJUNIAO UMB DOS CULTOS AFRO BRAS    28021810 000022
10231987175000168817800093673    00007244                     000072440000000000000109                     I017244      28021800000000035003410000017N271217050900000000000102802180000000000000000000000000000000000000000100000891933778MARIA DAS NEVES FERREIRA DO NA          RUA CAMINHO DA CHACARA N 519            PRACA SECA -22733060RIO DE JANEIRO RJUNIAO UMB DOS CULTOS AFRO BRAS    28021810 000023
10231987175000168817800093673    00007243                     000072430000000000000109                     I017243      28021800000000035003410000017N271217050900000000000102802180000000000000000000000000000000000000000100012450258728MONIQUE RODRIGUES DE ALMEIDA            RUA CESAR N 277                         REALENGO - R21750400RIO DE JANEIRO RJUNIAO UMB DOS CULTOS AFRO BRAS    28021810 000024
10231987175000168817800093673    00007242                     000072420000000000000109                     I017242      28021800000000035003410000017N271217050900000000000102802180000000000000000000000000000000000000000100008578432738WANDERSON DOS SANTOS LOPES              RUA SATURNO SN QUADRA 12 LOTE 16        VILA GENI - 23825517COROA GRANDE   RJUNIAO UMB DOS CULTOS AFRO BRAS    28021810 000025
10231987175000168817800093673    00007241                     000072410000000000000109                     I017241      28021800000000035003410000017N271217050900000000000102802180000000000000000000000000000000000000000100000598812750ELIZABETE DOS SANTOS LUCIANO            RUA GOLGOTA LOTE 44 QUADRA 33           CHACARA RIO 25245060DUQUE DE CAXIASRJUNIAO UMB DOS CULTOS AFRO BRAS    28021810 000026
10231987175000168817800093673    00007240                     000072400000000000000109                     I017240      28021800000000035003410000017N271217050900000000000102802180000000000000000000000000000000000000000100008401319765ANDRE FERREIRA DE PAULA                 RUA AMERICO ROCHA N 1095 APT 201        MARECHAL HER21555300RIO DE JANEIRO RJUNIAO UMB DOS CULTOS AFRO BRAS    28021810 000027
10231987175000168817800093673    00007239                     000072390000000000000109                     I017239      28021800000000035003410000017N271217050900000000000102802180000000000000000000000000000000000000000100058365737787ALTAMIRA ROSA                           AVENIDA DO CONTORNO N 17                PARADA MORAB25000000DUQUE DE CAXIASRJUNIAO UMB DOS CULTOS AFRO BRAS    28021810 000028
10231987175000168817800093673    00007238                     000072380000000000000109                     I017238      28021800000000035003410000017N271217050900000000000102802180000000000000000000000000000000000000000100074171372704ELIANE DE SOUZA MACHADO                 RUA ROQUETE PINTO LOTE 22 QUADRA 290 CASJARDIM ANHAN25265200DUQUE DE CAXIASRJUNIAO UMB DOS CULTOS AFRO BRAS    28021810 000029
10231987175000168817800093673    00007237                     000072370000000000000109                     I017237      28021800000000035003410000017N271217050900000000000102802180000000000000000000000000000000000000000100010788322770OLINDA SOARES ADRIANO E JORGE           RUA DOUTOR CARVALHO FERREIRA N 44       PIABETA - MA25937146MAGE           RJUNIAO UMB DOS CULTOS AFRO BRAS    28021810 000030
10231987175000168817800093673    00007236                     000072360000000000000109                     I017236      28021800000000035003410000017N271217050900000000000102802180000000000000000000000000000000000000000100010262557754EDGAR SODRE BANI                        RUA B N 20  LOTE 7 QUADRA 255           PARADA MORAB25265220DUQUE DE CAXIASRJUNIAO UMB DOS CULTOS AFRO BRAS    28021810 000031
10231987175000168817800093673    00007233                     000072330000000000000109                     I017233      28021800000000035003410000017N271217050900000000000102802180000000000000000000000000000000000000000100006876928730DIONE ASSUNCAO SOARES                   RUA SILVIA VIEIRA SN  LOTE 24           FAZENDA SOSS26088475NOVA IGUACU    RJUNIAO UMB DOS CULTOS AFRO BRAS    28021810 000032
10231987175000168817800093673    00007232                     000072320000000000000109                     I017232      28021800000000035003410000017N271217050900000000000102802180000000000000000000000000000000000000000100009616694707ROGERIO LUIZ SOARES                     RUA SANTA BARBARA N  20                 AREAL - ARAR28970000ARARUAMA       RJUNIAO UMB DOS CULTOS AFRO BRAS    28021810 000033
10231987175000168817800093673    00007231                     000072310000000000000109                     I017231      28021800000000035003410000017N271217050900000000000102802180000000000000000000000000000000000000000100063268876749JORGE DA COSTA BARRETO                  AVENIDA JOAQUIM COSTA LIMA LOTE 27 QUADRCENTRO - BEL26112055BELFORD ROXO   RJUNIAO UMB DOS CULTOS AFRO BRAS    28021810 000034
10231987175000168817800093673    00007230                     000072300000000000000109                     I017230      28021800000000035003410000017N271217050900000000000102802180000000000000000000000000000000000000000100003798443700ALINE MODINA TELLES                     RUA DETETIVE PARADA N 8                 VILA DA PENH21221060RIO DE JANEIRO RJUNIAO UMB DOS CULTOS AFRO BRAS    28021810 000035
10231987175000168817800093673    00007229                     000072290000000000000109                     I017229      28021800000000035003410000017N271217050900000000000102802180000000000000000000000000000000000000000100079882749704IRIS BRASILINO VILELA                   RUA SETE DE SETEMBRO N 183              CAMARI - NOV26022202NOVA IGUACU    RJUNIAO UMB DOS CULTOS AFRO BRAS    28021810 000036
10231987175000168817800093673    00007228                     000072280000000000000109                     I017228      28021800000000035003410000017N271217050900000000000102802180000000000000000000000000000000000000000100084441372787LUCIA HELENA DE OLIVEIRA GAMA           RUA PEDRO ANTONIO PEREIRA N 270 FUNDOS  AERO CLUBE -26285291NOVA IGUACU    RJUNIAO UMB DOS CULTOS AFRO BRAS    28021810 000037
10231987175000168817800093673    00007227                     000072270000000000000109                     I017227      28021800000000035003410000017N271217050900000000000102802180000000000000000000000000000000000000000100082191638791RITA DE CASSIA VALVERDE ROCHA           RUA JOAQUIM SOARES NETO N 250           NOVA AMERICA26021560NOVA IGUACU    RJUNIAO UMB DOS CULTOS AFRO BRAS    28021810 000038
10231987175000168817800093673    00007226                     000072260000000000000109                     I017226      28021800000000035003410000017N271217050900000000000102802180000000000000000000000000000000000000000100011590456742WANILA LIMA DE BRITO                    RUA REDENTOR LOTE 5 QUADRA 18 CASA 2 FUNJARDIM REDEN26110090BELFORD ROXO   RJUNIAO UMB DOS CULTOS AFRO BRAS    28021810 000039
10231987175000168817800093673    00007225                     000072250000000000000109                     I017225      28021800000000035003410000017N271217050900000000000102802180000000000000000000000000000000000000000100069052735700ROSANE MARQUES FERREIRA (MONAG          ESTRADA DO TINGUI N 2315 CASA 24        CAMPO GRANDE23075006RIO DE JANEIRO RJUNIAO UMB DOS CULTOS AFRO BRAS    28021810 000040
10231987175000168817800093673    00007224                     000072240000000000000109                     I017224      28021800000000035003410000017N271217050900000000000102802180000000000000000000000000000000000000000100004244337709WANDERSON SANTOS DA SILVA               AVENIDA DAS AMERICAS 15000              RECREIO DOS 22790330RIO DE JANEIRO RJUNIAO UMB DOS CULTOS AFRO BRAS    28021810 000041
9                                                                                                                                                                                                                                                                                                                                                                                                         000042
