01REMESSA01COBRANCA       817800093673        União Umb dos Cultos Afro Bra341BANCO ITAU SA  210518                                                                                                                                                                                                                                                                                                      000001
10231987175000168817800093673    000013908                    000139080000000000000109                     I3413908     30051800000000035003410000017N200218104700000000000103005180000000000000000000000000000000000000000100007459837741LUIZ CARLOS CARDOSO                     RUA: WALDIR CARDOSO N100                PAU GRANDE -25917040MAGE           RJUNIAO UMB DOS CULTOS AFRO BRAS    30051810 000002
10231987175000168817800093673    000013647                    000136470000000000000109                     I3413647     30051800000000035003410000017N200218104700000000000103005180000000000000000000000000000000000000000100030400942895CLAUDIA REIS SANTOS ARAUJO              RUA LUIS PASQUALLE NETO                 SAO JOAO CLI04241030SAO PAULO      SPUNIAO UMB DOS CULTOS AFRO BRAS    30051810 000003
10231987175000168817800093673    000013645                    000136450000000000000109                     I3413645     30051800000000035003410000017N200218104700000000000103005180000000000000000000000000000000000000000100007049805769DAYSI LUCIA FREIRE DE AZEVEDO           RUA JOAO HONORATO N 35                  SAPE - NITER24320570NITEROI        RJUNIAO UMB DOS CULTOS AFRO BRAS    30051810 000004
10231987175000168817800093673    000013153                    000131530000000000000109                     I3413153     30051800000000035003410000017N200218104700000000000103005180000000000000000000000000000000000000000100043224164700CLEUZA LORETTE GONCALVES                RUA IPE N 22                            VARGEM PEQUE22783409RIO DE JANEIRO RJUNIAO UMB DOS CULTOS AFRO BRAS    30051810 000005
10231987175000168817800093673    000012995                    000129950000000000000109                     I0212995     30051800000000035003410000017N200218104700000000000103005180000000000000000000000000000000000000000100099029359749ANDRE LUIZ REIS GRACIO                  RUA PIRAMBOIA N 130                     SENADOR VASC23012300RIO DE JANEIRO RJUNIAO UMB DOS CULTOS AFRO BRAS    30051810 000006
10231987175000168817800093673    000012814                    000128140000000000000109                     I3412814     30051800000000035003410000017N200218104700000000000103005180000000000000000000000000000000000000000100062792920700LUIZ CESAR DE OLIVEIRA                  RUA PEREIRA DE FIGUEIREDO, 627          OSWALDO CRUZ21340030RIO DE JANEIRO RJUNIAO UMB DOS CULTOS AFRO BRAS    30051810 000007
10231987175000168817800093673    000012750                    000127500000000000000109                     I0212750     30051800000000035003410000017N200218104700000000000103005180000000000000000000000000000000000000000100088469212753NEIDE CARVALHO D ANGELO                 RUA GENERAL TRAUMATURGO, LOTE 17 QUADRA VILA ROSARIO25040010DUQUE DE CAXIASRJUNIAO UMB DOS CULTOS AFRO BRAS    30051810 000008
10231987175000168817800093673    000012723                    000127230000000000000109                     I0212723     30051800000000035003410000017N200218104700000000000103005180000000000000000000000000000000000000000100053699394700UBIRAJARA PEREIRA FRANCO                AV. BRASIL 17191 BLOCO 35 APTº 2002    IRAJA       21230240RIO DE JANEIRO RJUNIAO UMB DOS CULTOS AFRO BRAS    30051810 000009
10231987175000168817800093673    000012709                    000127090000000000000109                     I0212709     30051800000000035003410000017N200218104700000000000103005180000000000000000000000000000000000000000100073871729787RENATO GOMES SILVA                      RUA JURIPIRANGA LOTE 18 QUADRA 129      COSMOS - RIO23060020RIO DE JANEIRO RJUNIAO UMB DOS CULTOS AFRO BRAS    30051810 000010
10231987175000168817800093673    000012673                    000126730000000000000109                     I3412673     30051800000000035003410000017N200218104700000000000103005180000000000000000000000000000000000000000100002541954743DENISE DIAS DE OLIVEIRA                 RUA: BERNARDINO DE CAMPOS               DUQUE DE CAX25035530DUQUE DE CAXIASRJUNIAO UMB DOS CULTOS AFRO BRAS    30051810 000011
10231987175000168817800093673    000012299                    000122990000000000000109                     I3412299     30041800000000035003410000017N200218104700000000000103004180000000000000000000000000000000000000000100007459837741LUIZ CARLOS CARDOSO                     RUA: WALDIR CARDOSO N100                PAU GRANDE -25917040MAGE           RJUNIAO UMB DOS CULTOS AFRO BRAS    30041810 000012
10231987175000168817800093673    000012039                    000120390000000000000109                     I3412039     30041800000000035003410000017N200218104700000000000103004180000000000000000000000000000000000000000100093130864768SOLANGE GERMANO DA COSTA                RUA KIRBE N 163                         QUEIMADOS - 21321310RIO DE JANEIRO RJUNIAO UMB DOS CULTOS AFRO BRAS    30041810 000013
10231987175000168817800093673    000012038                    000120380000000000000109                     I3412038     30041800000000035003410000017N200218104700000000000103004180000000000000000000000000000000000000000100030400942895CLAUDIA REIS SANTOS ARAUJO              RUA LUIS PASQUALLE NETO                 SAO JOAO CLI04241030SAO PAULO      SPUNIAO UMB DOS CULTOS AFRO BRAS    30041810 000014
10231987175000168817800093673    000012036                    000120360000000000000109                     I3412036     30041800000000035003410000017N200218104700000000000103004180000000000000000000000000000000000000000100007049805769DAYSI LUCIA FREIRE DE AZEVEDO           RUA JOAO HONORATO N 35                  SAPE - NITER24320570NITEROI        RJUNIAO UMB DOS CULTOS AFRO BRAS    30041810 000015
10231987175000168817800093673    000011910                    000119100000000000000109                     I0211910     30041800000000035003410000017N200218104700000000000103004180000000000000000000000000000000000000000100008629571764SILVANA DA COSTA SANTOS                 RUA H, CASA 11 QUADRA 8                 BALNEARIO - 28940000SAO PEDRO DA ALRJUNIAO UMB DOS CULTOS AFRO BRAS    30041810 000016
10231987175000168817800093673    000011510                    000115100000000000000109                     I3411510     30041800000000035003410000017N200218104700000000000103004180000000000000000000000000000000000000000100075745658720ELIZIETE COIMBRA DE FRANCA              RUA SAO LOURENCO, 99 - SANTA RITA       SANTA RITA -26050630NOVA IGUACU    RJUNIAO UMB DOS CULTOS AFRO BRAS    30041810 000017
10231987175000168817800093673    000011502                    000115020000000000000109                     I3411502     30041800000000035003410000017N200218104700000000000103004180000000000000000000000000000000000000000100087419939772EMANUEL JOSE DOS SANTOS                 RUA MANUEL DE FREITAS, QUADRA D LOTE 10 PANTANAL - D25041500DUQUE DE CAXIASRJUNIAO UMB DOS CULTOS AFRO BRAS    30041810 000018
10231987175000168817800093673    000011493                    000114930000000000000109                     I3411493     30041800000000035003410000017N200218104700000000000103004180000000000000000000000000000000000000000200000000010582NILO SERGIO SANTOS BARCELLOS            ESTRADA CORONEL VIEIRA, 134 BLOCO 4 APTOIRAJA - RJ  21220310RIO DE JANEIRO RJUNIAO UMB DOS CULTOS AFRO BRAS    30041810 000019
10231987175000168817800093673    000011478                    000114780000000000000109                     I0211478     30041800000000035003410000017N200218104700000000000103004180000000000000000000000000000000000000000100001876672765AGUIMAR FERREIRA PIRES                  TRAVESSA JURANIC 26                     CAMARAO - SA24435080SAO GONCALO    RJUNIAO UMB DOS CULTOS AFRO BRAS    30041810 000020
10231987175000168817800093673    000011464                    000114640000000000000109                     I0211464     30041800000000035003410000017N200218104700000000000103004180000000000000000000000000000000000000000100077417232787MARIA IZABEL CUNHA DA SILVA             RUA 1 DE MAIO, LOTE 4 QUADRA 20         IPIRANGA - N26293480NOVA IGUACU    RJUNIAO UMB DOS CULTOS AFRO BRAS    30041810 000021
10231987175000168817800093673    000011405                    000114050000000000000109                     I3411405     30041800000000035003410000017N200218104700000000000103004180000000000000000000000000000000000000000100002134169729ALEXANDRE DE ALMEIDA                    RUA SERITINGA, 105 BLOCO 5 APTO 108 FUNDBRAS DE PINA21215480RIO DE JANEIRO RJUNIAO UMB DOS CULTOS AFRO BRAS    30041810 000022
10231987175000168817800093673    000011114                    000111140000000000000109                     I0211114     30041800000000035003410000017N200218104700000000000103004180000000000000000000000000000000000000000100053699394700UBIRAJARA PEREIRA FRANCO                AV. BRASIL 17191 BLOCO 35 APTº 2002    IRAJA       21230240RIO DE JANEIRO RJUNIAO UMB DOS CULTOS AFRO BRAS    30041810 000023
10231987175000168817800093673    000011100                    000111000000000000000109                     I0211100     30041800000000035003410000017N200218104700000000000103004180000000000000000000000000000000000000000100073871729787RENATO GOMES SILVA                      RUA JURIPIRANGA LOTE 18 QUADRA 129      COSMOS - RIO23060020RIO DE JANEIRO RJUNIAO UMB DOS CULTOS AFRO BRAS    30041810 000024
10231987175000168817800093673    000011064                    000110640000000000000109                     I3411064     30041800000000035003410000017N200218104700000000000103004180000000000000000000000000000000000000000100002541954743DENISE DIAS DE OLIVEIRA                 RUA: BERNARDINO DE CAMPOS               DUQUE DE CAX25035530DUQUE DE CAXIASRJUNIAO UMB DOS CULTOS AFRO BRAS    30041810 000025
10231987175000168817800093673    000011050                    000110500000000000000109                     I3411050     30041800000000035003410000017N200218104700000000000103004180000000000000000000000000000000000000000100048623334787IOLANDA JOSE PROFIRIO BARRETO           RUA TRES Nº 102                        VILA DO SOL 28900000CABO FRIO      RJUNIAO UMB DOS CULTOS AFRO BRAS    30041810 000026
10231987175000168817800093673    000011042                    000110420000000000000109                     I3411042     30041800000000035003410000017N200218104700000000000103004180000000000000000000000000000000000000000200000000002817LAUDICENE NEVES ROSA                    RUA TOCANTINOPOLIS N 16 QUADRA 133      JARDIM MARAV23031390GUARATIBA      RJUNIAO UMB DOS CULTOS AFRO BRAS    30041810 000027
10231987175000168817800093673    000011032                    000110320000000000000109                     I3411032     30041800000000035003410000017N200218104700000000000103004180000000000000000000000000000000000000000100048363340715AUREA RAMOS                             ESTRADA DO MAGARCA N 8488               CINCO MARIAS23031201PEDRA DE GUARATRJUNIAO UMB DOS CULTOS AFRO BRAS    30041810 000028
10231987175000168817800093673    000011024                    000110240000000000000109                     I3411024     30041800000000035003410000017N200218104700000000000103004180000000000000000000000000000000000000000200000000002569REGINA CELIA DA SILVA LINS              CONDOMINIO PASSAREDO QUADRA 30 LOTE 3   CAMINHO DE B28921100RIO DE JANEIRO RJUNIAO UMB DOS CULTOS AFRO BRAS    30041810 000029
10231987175000168817800093673    000011013                    000110130000000000000109                     I3411013     30041800000000035003410000017N200218104700000000000103004180000000000000000000000000000000000000000100001789073758BERNADETE BURGOS AMORIM RANGEL          RUA: IMBUI Nº 120 - LARGO DO TANQUE    TANQUE / TAQ22730100RIO DE JANEIRO RJUNIAO UMB DOS CULTOS AFRO BRAS    30041810 000030
10231987175000168817800093673    000010895                    000108950000000000000109                     I3410895     30041800000000035003410000017N200218104700000000000103004180000000000000000000000000000000000000000100061991465734JANDIRA AMELIA PAULA DE OLIVEI          RUA SALVADOR DO MONTE, 487 (ANTIGA RUA OBOACU - SAO 24467300SAO GONCALO    RJUNIAO UMB DOS CULTOS AFRO BRAS    30041810 000031
10231987175000168817800093673    000010717                    000107170000000000000109                     I0210717     10041800000000040003410000017N200218104700000000000101004180000000000000000000000000000000000000000100011700984799CRISTIANE SANTOS FEIJO VIEIRA           RUA NICOLAU TOUQUET                     JARDIM CATAR24716403SAO GONCALO    RJUNIAO UMB DOS CULTOS AFRO BRAS    10041810 000032
10231987175000168817800093673    000010690                    000106900000000000000109                     I3410690     30031800000000035003410000017N200218104700000000000103003180000000000000000000000000000000000000000100007459837741LUIZ CARLOS CARDOSO                     RUA: WALDIR CARDOSO N100                PAU GRANDE -25917040MAGE           RJUNIAO UMB DOS CULTOS AFRO BRAS    30031810 000033
10231987175000168817800093673    000010432                    000104320000000000000109                     I3410432     30031800000000035003410000017N200218104700000000000103003180000000000000000000000000000000000000000100012097291724CAROLINA B. DE C. CAVALCANTI            RUA VITAL N 410                         QUINTINO BOC21380008RIO DE JANEIRO RJUNIAO UMB DOS CULTOS AFRO BRAS    30031810 000034
10231987175000168817800093673    000010427                    000104270000000000000109                     I3410427     30031800000000035003410000017N200218104700000000000103003180000000000000000000000000000000000000000100007049805769DAYSI LUCIA FREIRE DE AZEVEDO           RUA JOAO HONORATO N 35                  SAPE - NITER24320570NITEROI        RJUNIAO UMB DOS CULTOS AFRO BRAS    30031810 000035
10231987175000168817800093673    000010422                    000104220000000000000109                     I3410422     30031800000000035003410000017N200218104700000000000103003180000000000000000000000000000000000000000100080869513753DINA LADISLAU DE SOUZA                  RUA ANGELA ABELANE SN LOTE 18 QUADRA 15 BRISAMAR - I23826420ITAGUAI        RJUNIAO UMB DOS CULTOS AFRO BRAS    30031810 000036
10231987175000168817800093673    000010395                    000103950000000000000109                     I0210395     30031800000000035003410000017N200218104700000000000103003180000000000000000000000000000000000000000100005626387745VANIA SANTIAGO                          RUA MANOEL VIEIRA, 576                  CENTRO - DUQ25020210DUQUE DE CAXIASRJUNIAO UMB DOS CULTOS AFRO BRAS    30031810 000037
10231987175000168817800093673    000010393                    000103930000000000000109                     I3410393     30031800000000035003410000017N200218104700000000000103003180000000000000000000000000000000000000000100003867378789ANGELA MIRANDA                          RUA MAZONHA, LT 1 QD 14 - LOTEAMENTO JD CHAPERO - IT23812245ITAGUAI        RJUNIAO UMB DOS CULTOS AFRO BRAS    30031810 000038
10231987175000168817800093673    000010389                    000103890000000000000109                     I3410389     30031800000000035003410000017N200218104700000000000103003180000000000000000000000000000000000000000100007631285705ANDERSON DE OLIVEIRA INACIO             RUA NOSSA SENHORA DE FATIMA, 29         PENHA - RJ  21072750RIO DE JANEIRO RJUNIAO UMB DOS CULTOS AFRO BRAS    30031810 000039
10231987175000168817800093673    000010387                    000103870000000000000109                     I3410387     30031800000000035003410000017N200218104700000000000103003180000000000000000000000000000000000000000100057231737749ELIZABETE CARVALHO COSTA                RUA EXPEDICIONARIO SIMAO FERNANDES, 31 BCOLUMBANDE -24451700SAO GONCALO    RJUNIAO UMB DOS CULTOS AFRO BRAS    30031810 000040
10231987175000168817800093673    000010376                    000103760000000000000109                     I3410376     30031800000000035003410000017N200218104700000000000103003180000000000000000000000000000000000000000100006156525734SAFIRA COELHO DA CRUZ                   RUA LUKENIE, 88                         CURICICA - T22775480RIO DE JANEIRO RJUNIAO UMB DOS CULTOS AFRO BRAS    30031810 000041
10231987175000168817800093673    000010301                    000103010000000000000109                     I0210301     30031800000000035003410000017N200218104700000000000103003180000000000000000000000000000000000000000100008629571764SILVANA DA COSTA SANTOS                 RUA H, CASA 11 QUADRA 8                 BALNEARIO - 28940000SAO PEDRO DA ALRJUNIAO UMB DOS CULTOS AFRO BRAS    30031810 000042
10231987175000168817800093673    00009902                     000099020000000000000109                     I349902      30031800000000035003410000017N200218104700000000000103003180000000000000000000000000000000000000000100001143711726MARLENE GOMES CAETANO AUGUSTO           RUA JOAQUIM CAETANO, 141                JARDIM ALVOR26261350NOVA IGUACU    RJUNIAO UMB DOS CULTOS AFRO BRAS    30031810 000043
10231987175000168817800093673    00009901                     000099010000000000000109                     I349901      30031800000000035003410000017N200218104700000000000103003180000000000000000000000000000000000000000100075745658720ELIZIETE COIMBRA DE FRANCA              RUA SAO LOURENCO, 99 - SANTA RITA       SANTA RITA -26050630NOVA IGUACU    RJUNIAO UMB DOS CULTOS AFRO BRAS    30031810 000044
10231987175000168817800093673    00009899                     000098990000000000000109                     I349899      30031800000000035003410000017N200218104700000000000103003180000000000000000000000000000000000000000100043548628753MARIA SALETTE MATTOSO RODRIGUE          RUA PERNAMBUCO, 1254                    ENCANTADO - 20730030RIO DE JANEIRO RJUNIAO UMB DOS CULTOS AFRO BRAS    30031810 000045
10231987175000168817800093673    00009894                     000098940000000000000109                     I349894      30031800000000035003410000017N200218104700000000000103003180000000000000000000000000000000000000000100001326484745IRACEMA DE OLIVEIRA ROSA BARBO          RUA CACILDA 127 FUNDOS QUADRA 60        COELHO DA RO25550140SAO JOAO DE MERRJUNIAO UMB DOS CULTOS AFRO BRAS    30031810 000046
10231987175000168817800093673    00009893                     000098930000000000000109                     I349893      30031800000000035003410000017N200218104700000000000103003180000000000000000000000000000000000000000100087419939772EMANUEL JOSE DOS SANTOS                 RUA MANUEL DE FREITAS, QUADRA D LOTE 10 PANTANAL - D25041500DUQUE DE CAXIASRJUNIAO UMB DOS CULTOS AFRO BRAS    30031810 000047
10231987175000168817800093673    00009876                     000098760000000000000109                     I349876      30031800000000035003410000017N200218104700000000000103003180000000000000000000000000000000000000000100010329411705RODRIGO SILVA DO NASCIMENTO SA          RUA: PAPA FOLHA LOTE 2 QUADRA 28 - VILA DUQUE DE CAX25255190DUQUE DE CAXIASRJUNIAO UMB DOS CULTOS AFRO BRAS    30031810 000048
10231987175000168817800093673    00009869                     000098690000000000000109                     I029869      30031800000000035003410000017N200218104700000000000103003180000000000000000000000000000000000000000100001876672765AGUIMAR FERREIRA PIRES                  TRAVESSA JURANIC 26                     CAMARAO - SA24435080SAO GONCALO    RJUNIAO UMB DOS CULTOS AFRO BRAS    30031810 000049
10231987175000168817800093673    00009855                     000098550000000000000109                     I029855      30031800000000035003410000017N200218104700000000000103003180000000000000000000000000000000000000000100077417232787MARIA IZABEL CUNHA DA SILVA             RUA 1 DE MAIO, LOTE 4 QUADRA 20         IPIRANGA - N26293480NOVA IGUACU    RJUNIAO UMB DOS CULTOS AFRO BRAS    30031810 000050
10231987175000168817800093673    00009828                     000098280000000000000109                     I349828      30031800000000035003410000017N200218104700000000000103003180000000000000000000000000000000000000000200000000010205MARILANE BARROSO BERNARDES              RUA MARIA LIMA VIEIRA SN QUADRA D 31 LOTVILA MARGARI23821050RIO DE JANEIRO RJUNIAO UMB DOS CULTOS AFRO BRAS    30031810 000051
10231987175000168817800093673    00009505                     000095050000000000000109                     I029505      30031800000000035003410000017N200218104700000000000103003180000000000000000000000000000000000000000100053699394700UBIRAJARA PEREIRA FRANCO                AV. BRASIL 17191 BLOCO 35 APTº 2002    IRAJA       21230240RIO DE JANEIRO RJUNIAO UMB DOS CULTOS AFRO BRAS    30031810 000052
10231987175000168817800093673    00009491                     000094910000000000000109                     I029491      30031800000000035003410000017N200218104700000000000103003180000000000000000000000000000000000000000100073871729787RENATO GOMES SILVA                      RUA JURIPIRANGA LOTE 18 QUADRA 129      COSMOS - RIO23060020RIO DE JANEIRO RJUNIAO UMB DOS CULTOS AFRO BRAS    30031810 000053
10231987175000168817800093673    00009481                     000094810000000000000109                     I349481      30031800000000035003410000017N200218104700000000000103003180000000000000000000000000000000000000000100022175534880LUCIANO THOMAZ DE ROSA                  RUA FRANCISCO JOSE DA SILVA, 25         SUZANO - JAR08695060SAO PAULO      SPUNIAO UMB DOS CULTOS AFRO BRAS    30031810 000054
10231987175000168817800093673    00009480                     000094800000000000000109                     I349480      30031800000000035003410000017N200218104700000000000103003180000000000000000000000000000000000000000100044608268791FAUSTO DOS SANTOS REZENDE               O MESMO                                 O MESMO     21010070RIO DE JANEIRO RJUNIAO UMB DOS CULTOS AFRO BRAS    30031810 000055
10231987175000168817800093673    00009473                     000094730000000000000109                     I349473      30031800000000035003410000017N200218104700000000000103003180000000000000000000000000000000000000000100001859792707REGIS GOMES DE OLIVEIRA                 AVENIDA DO CANAL N 54 - CONDOMINIO VALE ALBUQUERQUE 25976560TERESOPOLIS    RJUNIAO UMB DOS CULTOS AFRO BRAS    30031810 000056
10231987175000168817800093673    00009465                     000094650000000000000109                     I349465      30031800000000035003410000017N200218104700000000000103003180000000000000000000000000000000000000000100003200716851CYNTHIA RITA HERTEL                     FRIBURGO LOTE 17 QUADRA 26 - SAMBAETIBA ITABORAI - R24842220ITABORAI       RJUNIAO UMB DOS CULTOS AFRO BRAS    30031810 000057
10231987175000168817800093673    00009455                     000094550000000000000109                     I349455      30031800000000035003410000017N200218104700000000000103003180000000000000000000000000000000000000000100002541954743DENISE DIAS DE OLIVEIRA                 RUA: BERNARDINO DE CAMPOS               DUQUE DE CAX25035530DUQUE DE CAXIASRJUNIAO UMB DOS CULTOS AFRO BRAS    30031810 000058
10231987175000168817800093673    00009441                     000094410000000000000109                     I349441      30031800000000035003410000017N200218104700000000000103003180000000000000000000000000000000000000000100048623334787IOLANDA JOSE PROFIRIO BARRETO           RUA TRES Nº 102                        VILA DO SOL 28900000CABO FRIO      RJUNIAO UMB DOS CULTOS AFRO BRAS    30031810 000059
10231987175000168817800093673    00009437                     000094370000000000000109                     I349437      30031800000000035003410000017N200218104700000000000103003180000000000000000000000000000000000000000100089682300487STIVES FERREIRA DA SILVA                RUA OSVALDO EVANGELISTA DOS SANTOS N 110BANGU - RIO 21864530RIO DE JANEIRO RJUNIAO UMB DOS CULTOS AFRO BRAS    30031810 000060
10231987175000168817800093673    00009433                     000094330000000000000109                     I349433      30031800000000035003410000017N200218104700000000000103003180000000000000000000000000000000000000000200000000002817LAUDICENE NEVES ROSA                    RUA TOCANTINOPOLIS N 16 QUADRA 133      JARDIM MARAV23031390GUARATIBA      RJUNIAO UMB DOS CULTOS AFRO BRAS    30031810 000061
10231987175000168817800093673    00009427                     000094270000000000000109                     I349427      30031800000000035003410000017N200218104700000000000103003180000000000000000000000000000000000000000100079006980753ELIANE BARBOSA RODRIGUES                MESMO                                   MESMO       25550480SAO JOAO DE MERRJUNIAO UMB DOS CULTOS AFRO BRAS    30031810 000062
10231987175000168817800093673    00009423                     000094230000000000000109                     I349423      30031800000000035003410000017N200218104700000000000103003180000000000000000000000000000000000000000100048363340715AUREA RAMOS                             ESTRADA DO MAGARCA N 8488               CINCO MARIAS23031201PEDRA DE GUARATRJUNIAO UMB DOS CULTOS AFRO BRAS    30031810 000063
10231987175000168817800093673    00009419                     000094190000000000000109                     I349419      30031800000000035003410000017N200218104700000000000103003180000000000000000000000000000000000000000200000000002619MARCOS ROMEU DA SILVA                   CAMINHO DO FERRADOR N 30                GUARATIBA - 23020570CAMPO GRANDE   RJUNIAO UMB DOS CULTOS AFRO BRAS    30031810 000064
10231987175000168817800093673    00009415                     000094150000000000000109                     I349415      30031800000000035003410000017N200218104700000000000103003180000000000000000000000000000000000000000200000000002569REGINA CELIA DA SILVA LINS              CONDOMINIO PASSAREDO QUADRA 30 LOTE 3   CAMINHO DE B28921100RIO DE JANEIRO RJUNIAO UMB DOS CULTOS AFRO BRAS    30031810 000065
10231987175000168817800093673    00009410                     000094100000000000000109                     I349410      30031800000000035003410000017N200218104700000000000103003180000000000000000000000000000000000000000100001295514737DANUZA JEREMIAS DA SILVA                RUA JOAQUIM RAFAEL, 957                 COELHO - SAO24740020SAO GONCALO    RJUNIAO UMB DOS CULTOS AFRO BRAS    30031810 000066
10231987175000168817800093673    00009404                     000094040000000000000109                     I349404      30031800000000035003410000017N200218104700000000000103003180000000000000000000000000000000000000000100001789073758BERNADETE BURGOS AMORIM RANGEL          RUA: IMBUI Nº 120 - LARGO DO TANQUE    TANQUE / TAQ22730100RIO DE JANEIRO RJUNIAO UMB DOS CULTOS AFRO BRAS    30031810 000067
10231987175000168817800093673    00009398                     000093980000000000000109                     I349398      30031800000000035003410000017N200218104700000000000103003180000000000000000000000000000000000000000200000000002310SEVERINO MIGUEL SIMAO                   RUA CONDOMINIO PASSAREDO, QUADRA 24 LOTECAM.DE BUZIO28910000CABO FRIO      RJUNIAO UMB DOS CULTOS AFRO BRAS    30031810 000068
10231987175000168817800093673    00009286                     000092860000000000000109                     I349286      30031800000000035003410000017N200218104700000000000103003180000000000000000000000000000000000000000100061991465734JANDIRA AMELIA PAULA DE OLIVEI          RUA SALVADOR DO MONTE, 487 (ANTIGA RUA OBOACU - SAO 24467300SAO GONCALO    RJUNIAO UMB DOS CULTOS AFRO BRAS    30031810 000069
10231987175000168817800093673    00008376                     000083760000000000000109                     I348376      30031800000000035003410000017N291217104700000000000103003180000000000000000000000000000000000000000100012097291724CAROLINA B. DE C. CAVALCANTI            RUA VITAL N 410                         QUINTINO BOC21380008RIO DE JANEIRO RJUNIAO UMB DOS CULTOS AFRO BRAS    30031810 000070
10231987175000168817800093673    00008349                     000083490000000000000109                     I348349      28021800000000035003410000017N291217104700000000000102802180000000000000000000000000000000000000000100008629571764SILVANA DA COSTA SANTOS                 RUA H, CASA 11 QUADRA 8                 BALNEARIO - 28940000SAO PEDRO DA ALRJUNIAO UMB DOS CULTOS AFRO BRAS    28021810 000071
10231987175000168817800093673    00008197                     000081970000000000000109                     I348197      28021800000000035003410000017N291217104700000000000102802180000000000000000000000000000000000000000100009545367709VERONICA BRAZ DA SILVA                  RUA SANTA RITA LOTE 17 E 18 QDA 39      PQ. SAO FRAN26355000NOVA IGUACU    RJUNIAO UMB DOS CULTOS AFRO BRAS    28021810 000072
10231987175000168817800093673    00008195                     000081950000000000000109                     I028195      28021800000000035003410000017N291217104700000000000102802180000000000000000000000000000000000000000100001876672765AGUIMAR FERREIRA PIRES                  TRAVESSA JURANIC 26                     CAMARAO - SA24435080SAO GONCALO    RJUNIAO UMB DOS CULTOS AFRO BRAS    28021810 000073
10231987175000168817800093673    00008038                     000080380000000000000109                     I028038      28021800000000035003410000017N291217104700000000000102802180000000000000000000000000000000000000000100053699394700UBIRAJARA PEREIRA FRANCO                AV. BRASIL 17191 BLOCO 35 APTº 2002    IRAJA       21230240RIO DE JANEIRO RJUNIAO UMB DOS CULTOS AFRO BRAS    28021810 000074
10231987175000168817800093673    00008034                     000080340000000000000109                     I028034      28021800000000035003410000017N291217104700000000000102802180000000000000000000000000000000000000000100073871729787RENATO GOMES SILVA                      RUA JURIPIRANGA LOTE 18 QUADRA 129      COSMOS - RIO23060020RIO DE JANEIRO RJUNIAO UMB DOS CULTOS AFRO BRAS    28021810 000075
10231987175000168817800093673    00008022                     000080220000000000000109                     I348022      28021800000000035003410000017N291217104700000000000102802180000000000000000000000000000000000000000100001859792707REGIS GOMES DE OLIVEIRA                 AVENIDA DO CANAL N 54 - CONDOMINIO VALE ALBUQUERQUE 25976560TERESOPOLIS    RJUNIAO UMB DOS CULTOS AFRO BRAS    28021810 000076
10231987175000168817800093673    00007318                     000073180000000000000109                     I347318      28021800000000035003410000017N271217104700000000000102802180000000000000000000000000000000000000000100007459837741LUIZ CARLOS CARDOSO                     RUA: WALDIR CARDOSO N100                PAU GRANDE -25917040MAGE           RJUNIAO UMB DOS CULTOS AFRO BRAS    28021810 000077
10231987175000168817800093673    00007064                     000070640000000000000109                     I347064      28021800000000035003410000017N271217104700000000000102802180000000000000000000000000000000000000000100000907912745JULIO CESAR FRANCA CORREA               RUA ITAPERUNA N 55                      VILA DE CAVA26056260NOVA IGUACU    RJUNIAO UMB DOS CULTOS AFRO BRAS    28021810 000078
10231987175000168817800093673    00007057                     000070570000000000000109                     I347057      28021800000000035003410000017N271217104700000000000102802180000000000000000000000000000000000000000100089497899734UGO SILVA FILHO                         RUA CADETE ULISSES VEIGA N 22           SAO CRISTOVA20940240RIO DE JANEIRO RJUNIAO UMB DOS CULTOS AFRO BRAS    28021810 000079
10231987175000168817800093673    00007056                     000070560000000000000109                     I347056      28021800000000035003410000017N271217104700000000000102802180000000000000000000000000000000000000000100054968330782REGINA DA MOTA TRINDADE                 RUA CORVILHA LOTE 5 QUADRA 351          PARADA MORAB25265353DUQUE DE CAXIASRJUNIAO UMB DOS CULTOS AFRO BRAS    28021810 000080
10231987175000168817800093673    00007049                     000070490000000000000109                     I347049      28021800000000035003410000017N271217104700000000000102802180000000000000000000000000000000000000000100037257831715WALTANIR LOURENCO DOS SANTOS            RUA APORUNA N 52                        PARQUE SAO J26190130BELFORD ROXO   RJUNIAO UMB DOS CULTOS AFRO BRAS    28021810 000081
10231987175000168817800093673    00007022                     000070220000000000000109                     I347022      28021800000000035003410000017N271217104700000000000102802180000000000000000000000000000000000000000100007631285705ANDERSON DE OLIVEIRA INACIO             RUA NOSSA SENHORA DE FATIMA, 29         PENHA - RJ  21072750RIO DE JANEIRO RJUNIAO UMB DOS CULTOS AFRO BRAS    28021810 000082
10231987175000168817800093673    00007020                     000070200000000000000109                     I347020      28021800000000035003410000017N271217104700000000000102802180000000000000000000000000000000000000000100057231737749ELIZABETE CARVALHO COSTA                RUA EXPEDICIONARIO SIMAO FERNANDES, 31 BCOLUMBANDE -24451700SAO GONCALO    RJUNIAO UMB DOS CULTOS AFRO BRAS    28021810 000083
10231987175000168817800093673    00007012                     000070120000000000000109                     I347012      28021800000000035003410000017N271217104700000000000102802180000000000000000000000000000000000000000100006156525734SAFIRA COELHO DA CRUZ                   RUA LUKENIE, 88                         CURICICA - T22775480RIO DE JANEIRO RJUNIAO UMB DOS CULTOS AFRO BRAS    28021810 000084
10231987175000168817800093673    00006648                     000066480000000000000109                     I346648      28021800000000035003410000017N271217104700000000000102802180000000000000000000000000000000000000000100043548628753MARIA SALETTE MATTOSO RODRIGUE          RUA PERNAMBUCO, 1254                    ENCANTADO - 20730030RIO DE JANEIRO RJUNIAO UMB DOS CULTOS AFRO BRAS    28021810 000085
10231987175000168817800093673    00006647                     000066470000000000000109                     I346647      28021800000000035003410000017N271217104700000000000102802180000000000000000000000000000000000000000100007117717742MARCELO VITAL DOMINATO                  RUA ATIBA, 44 FUNDOS - JACARE           CACHAMBI - R20785110RIO DE JANEIRO RJUNIAO UMB DOS CULTOS AFRO BRAS    28021810 000086
10231987175000168817800093673    00006644                     000066440000000000000109                     I346644      28021800000000035003410000017N271217104700000000000102802180000000000000000000000000000000000000000100087419939772EMANUEL JOSE DOS SANTOS                 RUA MANUEL DE FREITAS, QUADRA D LOTE 10 PANTANAL - D25041500DUQUE DE CAXIASRJUNIAO UMB DOS CULTOS AFRO BRAS    28021810 000087
10231987175000168817800093673    00006633                     000066330000000000000109                     I346633      28021800000000035003410000017N271217104700000000000102802180000000000000000000000000000000000000000100001928256740MARILZA SANTOS DE OLIVEIRA              RUA DOS PINHEIROS, 368 CASA 1 - VILA DE PRQ ANTARTIC26052720NOVA IGUACU    RJUNIAO UMB DOS CULTOS AFRO BRAS    28021810 000088
10231987175000168817800093673    00006632                     000066320000000000000109                     I346632      28021800000000035003410000017N271217104700000000000102802180000000000000000000000000000000000000000100004493547766ROBSON FRANCISCO ESCHOLASTICO           RUA MATHIAS MACHADO, 87                 ARSENAL - SA24745050SAO GONCALO    RJUNIAO UMB DOS CULTOS AFRO BRAS    28021810 000089
10231987175000168817800093673    00006631                     000066310000000000000109                     I346631      28021800000000035003410000017N271217104700000000000102802180000000000000000000000000000000000000000100010329411705RODRIGO SILVA DO NASCIMENTO SA          RUA: PAPA FOLHA LOTE 2 QUADRA 28 - VILA DUQUE DE CAX25255190DUQUE DE CAXIASRJUNIAO UMB DOS CULTOS AFRO BRAS    28021810 000090
10231987175000168817800093673    00006619                     000066190000000000000109                     I026619      28021800000000035003410000017N271217104700000000000102802180000000000000000000000000000000000000000100077417232787MARIA IZABEL CUNHA DA SILVA             RUA 1 DE MAIO, LOTE 4 QUADRA 20         IPIRANGA - N26293480NOVA IGUACU    RJUNIAO UMB DOS CULTOS AFRO BRAS    28021810 000091
10231987175000168817800093673    00006355                     000063550000000000000109                     I346355      13041800000000035003410000017N271217104700000000000101304180000000000000000000000000000000000000000100044608268791FAUSTO DOS SANTOS REZENDE               O MESMO                                 O MESMO     21010070RIO DE JANEIRO RJUNIAO UMB DOS CULTOS AFRO BRAS    13041810 000092
10231987175000168817800093673    00006319                     000063190000000000000109                     I346319      28021800000000035003410000017N271217104700000000000102802180000000000000000000000000000000000000000200000000002817LAUDICENE NEVES ROSA                    RUA TOCANTINOPOLIS N 16 QUADRA 133      JARDIM MARAV23031390GUARATIBA      RJUNIAO UMB DOS CULTOS AFRO BRAS    28021810 000093
10231987175000168817800093673    00006316                     000063160000000000000109                     I346316      28021800000000035003410000017N271217104700000000000102802180000000000000000000000000000000000000000100078664870730LUCIA MARA RIBEIRO OLIVEIRA             RUA LUIZA N 47                          CHATUBA - ME26584210MESQUITA       RJUNIAO UMB DOS CULTOS AFRO BRAS    28021810 000094
10231987175000168817800093673    00006312                     000063120000000000000109                     I346312      28021800000000035003410000017N271217104700000000000102802180000000000000000000000000000000000000000100048363340715AUREA RAMOS                             ESTRADA DO MAGARCA N 8488               CINCO MARIAS23031201PEDRA DE GUARATRJUNIAO UMB DOS CULTOS AFRO BRAS    28021810 000095
10231987175000168817800093673    00006304                     000063040000000000000109                     I346304      28021800000000035003410000017N271217104700000000000102802180000000000000000000000000000000000000000100001295514737DANUZA JEREMIAS DA SILVA                RUA JOAQUIM RAFAEL, 957                 COELHO - SAO24740020SAO GONCALO    RJUNIAO UMB DOS CULTOS AFRO BRAS    28021810 000096
10231987175000168817800093673    00006296                     000062960000000000000109                     I346296      28021800000000035003410000017N271217104700000000000102802180000000000000000000000000000000000000000100001345348754ADRIANA DE LELIS                        RUA DOIS QUADRA D LOTE 13               BAIRRO SILVE23092080RIO DE JANEIRO RJUNIAO UMB DOS CULTOS AFRO BRAS    28021810 000097
10231987175000168817800093673    00005807                     000058070000000000000109                     I345807      31011800000000035003410000017N261217104700000000000103101180000000000000000000000000000000000000000100089497899734UGO SILVA FILHO                         RUA CADETE ULISSES VEIGA N 22           SAO CRISTOVA20940240RIO DE JANEIRO RJUNIAO UMB DOS CULTOS AFRO BRAS    31011810 000098
10231987175000168817800093673    00005775                     000057750000000000000109                     I345775      31011800000000035003410000017N261217104700000000000103101180000000000000000000000000000000000000000100003867378789ANGELA MIRANDA                          RUA MAZONHA, LT 1 QD 14 - LOTEAMENTO JD CHAPERO - IT23812245ITAGUAI        RJUNIAO UMB DOS CULTOS AFRO BRAS    31011810 000099
10231987175000168817800093673    00005762                     000057620000000000000109                     I345762      31011800000000035003410000017N261217104700000000000103101180000000000000000000000000000000000000000100006156525734SAFIRA COELHO DA CRUZ                   RUA LUKENIE, 88                         CURICICA - T22775480RIO DE JANEIRO RJUNIAO UMB DOS CULTOS AFRO BRAS    31011810 000100
10231987175000168817800093673    00005398                     000053980000000000000109                     I345398      31011800000000035003410000017N261217104700000000000103101180000000000000000000000000000000000000000100043548628753MARIA SALETTE MATTOSO RODRIGUE          RUA PERNAMBUCO, 1254                    ENCANTADO - 20730030RIO DE JANEIRO RJUNIAO UMB DOS CULTOS AFRO BRAS    31011810 000101
10231987175000168817800093673    00005394                     000053940000000000000109                     I345394      31011800000000035003410000017N261217104700000000000103101180000000000000000000000000000000000000000100087419939772EMANUEL JOSE DOS SANTOS                 RUA MANUEL DE FREITAS, QUADRA D LOTE 10 PANTANAL - D25041500DUQUE DE CAXIASRJUNIAO UMB DOS CULTOS AFRO BRAS    31011810 000102
10231987175000168817800093673    00005381                     000053810000000000000109                     I345381      31011800000000035003410000017N261217104700000000000103101180000000000000000000000000000000000000000100010329411705RODRIGO SILVA DO NASCIMENTO SA          RUA: PAPA FOLHA LOTE 2 QUADRA 28 - VILA DUQUE DE CAX25255190DUQUE DE CAXIASRJUNIAO UMB DOS CULTOS AFRO BRAS    31011810 000103
10231987175000168817800093673    00005369                     000053690000000000000109                     I025369      31011800000000035003410000017N261217104700000000000103101180000000000000000000000000000000000000000100077417232787MARIA IZABEL CUNHA DA SILVA             RUA 1 DE MAIO, LOTE 4 QUADRA 20         IPIRANGA - N26293480NOVA IGUACU    RJUNIAO UMB DOS CULTOS AFRO BRAS    31011810 000104
10231987175000168817800093673    00005106                     000051060000000000000109                     I345106      22021800000000035003410000017N261217104700000000000102202180000000000000000000000000000000000000000100022175534880LUCIANO THOMAZ DE ROSA                  RUA FRANCISCO JOSE DA SILVA, 25         SUZANO - JAR08695060SAO PAULO      SPUNIAO UMB DOS CULTOS AFRO BRAS    22021810 000105
10231987175000168817800093673    00005069                     000050690000000000000109                     I345069      31011800000000035003410000017N261217104700000000000103101180000000000000000000000000000000000000000200000000002817LAUDICENE NEVES ROSA                    RUA TOCANTINOPOLIS N 16 QUADRA 133      JARDIM MARAV23031390GUARATIBA      RJUNIAO UMB DOS CULTOS AFRO BRAS    31011810 000106
10231987175000168817800093673    00005054                     000050540000000000000109                     I345054      31011800000000035003410000017N261217104700000000000103101180000000000000000000000000000000000000000100001295514737DANUZA JEREMIAS DA SILVA                RUA JOAQUIM RAFAEL, 957                 COELHO - SAO24740020SAO GONCALO    RJUNIAO UMB DOS CULTOS AFRO BRAS    31011810 000107
10231987175000168817800093673    00004756                     000047560000000000000109                     I344756      20121700000000035003410000017N121217104700000000000102012170000000000000000000000000000000000000000100075745658720ELIZIETE COIMBRA DE FRANCA              RUA SAO LOURENCO, 99 - SANTA RITA       SANTA RITA -26050630NOVA IGUACU    RJUNIAO UMB DOS CULTOS AFRO BRAS    20121710 000108
9                                                                                                                                                                                                                                                                                                                                                                                                         000109
