01REMESSA01COBRANCA       916200163100        União Umb dos Cultos Afro Bra341BANCO ITAU SA  130618                                                                                                                                                                                                                                                                                                      000001
10231987175000168916200163100    000021124                    000211240000000000000109                     I0221124     20061800000000420003410000017N300518104700000000000102006180000000000000000000000000000000000000000100007474273721CLARINDO DE MEDEIROS                    RUA SAO MARCOS, 145A                    VILAR DOS TE25561220SAO JOAO DE MERRJUNIAO UMB DOS CULTOS AFRO BRAS    20061810 000002
10231987175000168916200163100    000020959                    000209590000000000000109                     I3420959     30081800000000035003410000017N100518104700000000000103008180000000000000000000000000000000000000000100030779723791JAMILTON BISPO DOS SANTOS               ESTRADA DOS PALMARES, 2015 PROJETADA C LMORADA VERDE23575270RIO DE JANEIRO RJUNIAO UMB DOS CULTOS AFRO BRAS    30081810 000003
10231987175000168916200163100    000020958                    000209580000000000000109                     I3420958     30071800000000035003410000017N100518104700000000000103007180000000000000000000000000000000000000000100030779723791JAMILTON BISPO DOS SANTOS               ESTRADA DOS PALMARES, 2015 PROJETADA C LMORADA VERDE23575270RIO DE JANEIRO RJUNIAO UMB DOS CULTOS AFRO BRAS    30071810 000004
10231987175000168916200163100    000020957                    000209570000000000000109                     I3420957     30061800000000035003410000017N100518104700000000000103006180000000000000000000000000000000000000000100030779723791JAMILTON BISPO DOS SANTOS               ESTRADA DOS PALMARES, 2015 PROJETADA C LMORADA VERDE23575270RIO DE JANEIRO RJUNIAO UMB DOS CULTOS AFRO BRAS    30061810 000005
10231987175000168916200163100    000020934                    000209340000000000000109                     I3420934     30081800000000035003410000017N100518104700000000000103008180000000000000000000000000000000000000000100086990810734ROGY CARLOS OLIVEIRA MELLO              RUA: BORDA DO MATO Nº 433              GRAJAU - RIO20561200RIO DE JANEIRO RJUNIAO UMB DOS CULTOS AFRO BRAS    30081810 000006
10231987175000168916200163100    000020933                    000209330000000000000109                     I3420933     30071800000000035003410000017N100518104700000000000103007180000000000000000000000000000000000000000100086990810734ROGY CARLOS OLIVEIRA MELLO              RUA: BORDA DO MATO Nº 433              GRAJAU - RIO20561200RIO DE JANEIRO RJUNIAO UMB DOS CULTOS AFRO BRAS    30071810 000007
10231987175000168916200163100    000020932                    000209320000000000000109                     I3420932     30061800000000035003410000017N100518104700000000000103006180000000000000000000000000000000000000000100086990810734ROGY CARLOS OLIVEIRA MELLO              RUA: BORDA DO MATO Nº 433              GRAJAU - RIO20561200RIO DE JANEIRO RJUNIAO UMB DOS CULTOS AFRO BRAS    30061810 000008
10231987175000168916200163100    000020891                    000208910000000000000109                     I0220891     30081800000000035003410000017N100518104700000000000103008180000000000000000000000000000000000000000100002364852706SHIRLEY RODRIGUES NUNES                 RUA DAHONEY LOTE 3 QUADRA 36 - JACAROA  MARICA / RJ 24230370NITEROI        RJUNIAO UMB DOS CULTOS AFRO BRAS    30081810 000009
10231987175000168916200163100    000020890                    000208900000000000000109                     I0220890     30071800000000035003410000017N100518104700000000000103007180000000000000000000000000000000000000000100002364852706SHIRLEY RODRIGUES NUNES                 RUA DAHONEY LOTE 3 QUADRA 36 - JACAROA  MARICA / RJ 24230370NITEROI        RJUNIAO UMB DOS CULTOS AFRO BRAS    30071810 000010
10231987175000168916200163100    000020849                    000208490000000000000109                     I3420849     30081800000000035003410000017N090518104700000000000103008180000000000000000000000000000000000000000100063692546734CARLOS LUIZ DA SILVA                    ESTRADA DE SEPETIBA 5116 RUA C LOTE 5 QUSEPETIBA    23545003RIO DE JANEIRO RJUNIAO UMB DOS CULTOS AFRO BRAS    30081810 000011
10231987175000168916200163100    000020848                    000208480000000000000109                     I3420848     30071800000000035003410000017N090518104700000000000103007180000000000000000000000000000000000000000100063692546734CARLOS LUIZ DA SILVA                    ESTRADA DE SEPETIBA 5116 RUA C LOTE 5 QUSEPETIBA    23545003RIO DE JANEIRO RJUNIAO UMB DOS CULTOS AFRO BRAS    30071810 000012
10231987175000168916200163100    000019693                    000196930000000000000109                     I3419693     30081800000000035003410000017N070518104700000000000103008180000000000000000000000000000000000000000100000681004770ESPEDITA NUNES DA SILVA                 AVENIDA CASTELO BRANCO, LOTE 3 QUADRA 83PAQ.ELDORADO25243570DUQUE DE CAXIASRJUNIAO UMB DOS CULTOS AFRO BRAS    30081810 000013
10231987175000168916200163100    000018123                    000181230000000000000109                     I0218123     30071800000000035003410000017N070518104700000000000103007180000000000000000000000000000000000000000100000681004770ESPEDITA NUNES DA SILVA                 AVENIDA CASTELO BRANCO, LOTE 3 QUADRA 83PAQ.ELDORADO25243570DUQUE DE CAXIASRJUNIAO UMB DOS CULTOS AFRO BRAS    30071810 000014
10231987175000168916200163100    000018056                    000180560000000000000109                     I3418056     30071800000000035003410000017N070518104700000000000103007180000000000000000000000000000000000000000200000000004766EDINALVA MUNIZ VALENTIM                 AVENIDA RIO DE JANEIRO, 21              INCRA - SERO23850220SEROPEDICA     RJUNIAO UMB DOS CULTOS AFRO BRAS    30071810 000015
10231987175000168916200163100    000015378                    000153780000000000000109                     I3415378     30061800000000035003410000017N070518104700000000000103006180000000000000000000000000000000000000000100091156386772MARILENE PEREIRA DOS SANTOS CO          ESTRADA DO PORTELA  694                 OSVALDO CRUZ21351050RIO DE JANEIRO RJUNIAO UMB DOS CULTOS AFRO BRAS    30061810 000016
10231987175000168916200163100    000014934                    000149340000000000000109                     I0214934     30061800000000035003410000017N070518104700000000000103006180000000000000000000000000000000000000000100000681004770ESPEDITA NUNES DA SILVA                 AVENIDA CASTELO BRANCO, LOTE 3 QUADRA 83PAQ.ELDORADO25243570DUQUE DE CAXIASRJUNIAO UMB DOS CULTOS AFRO BRAS    30061810 000017
10231987175000168916200163100    000014867                    000148670000000000000109                     I3414867     30061800000000035003410000017N070518104700000000000103006180000000000000000000000000000000000000000200000000004766EDINALVA MUNIZ VALENTIM                 AVENIDA RIO DE JANEIRO, 21              INCRA - SERO23850220SEROPEDICA     RJUNIAO UMB DOS CULTOS AFRO BRAS    30061810 000018
10231987175000168916200163100    000014703                    000147030000000000000109                     I3414703     30061800000000035003410000017N070518104700000000000103006180000000000000000000000000000000000000000200000000007946ORQUIDEA JOSE DOS SANTOS                RUA JESSIE VENTURA LOTE 6 QUADRA 7      SANTA CECILI25233130DUQUE DE CAXIASRJUNIAO UMB DOS CULTOS AFRO BRAS    30061810 000019
10231987175000168916200163100    000014521                    000145210000000000000109                     I3414521     30061800000000035003410000017N070518104700000000000103006180000000000000000000000000000000000000000100048685917700CELIO DO NASCIMENTO                     RUA BORORO Nº 83                       ENGENHO DA R00000000RIO DE JANEIRO RJUNIAO UMB DOS CULTOS AFRO BRAS    30061810 000020
10231987175000168916200163100    000014514                    000145140000000000000109                     I3414514     30061800000000035003410000017N070518104700000000000103006180000000000000000000000000000000000000000100003388076758ROSALINA MARIA NEVES                    RUA LAURINDO FILHO, 199 CASA 6          CASCADURA - 21370260RIO DE JANEIRO RJUNIAO UMB DOS CULTOS AFRO BRAS    30061810 000021
10231987175000168916200163100    000014181                    000141810000000000000109                     I3414181     30031800000000035003410000017N060318104700000000000103003180000000000000000000000000000000000000000100096252634700PATRICIA BORGES                         O MESMO                                 O MESMO     23530074RIO DE JANEIRO RJUNIAO UMB DOS CULTOS AFRO BRAS    30031810 000022
10231987175000168916200163100    000013970                    000139700000000000000109                     I3413970     30031800000000035003410000017N210218104700000000000103003180000000000000000000000000000000000000000100038370999700JULIO ALEXANDRE FERREIRA                RUA BARAO DE JACUI, 254 CASA 16 FUNDOS  OSWALDO CRUZ21550310RIO DE JANEIRO RJUNIAO UMB DOS CULTOS AFRO BRAS    30031810 000023
10231987175000168916200163100    00008957                     000089570000000000000109                     I348957      28021800000000035003410000017N030118104700000000000102802180000000000000000000000000000000000000000100083780262720MARIA JOANA DOROTEIA DE PAULA           ESTRADA MERINGUAVA, 701 PINHEIRO 11     TAQUARA - JA22725442RIO DE JANEIRO RJUNIAO UMB DOS CULTOS AFRO BRAS    28021810 000024
10231987175000168916200163100    00008956                     000089560000000000000109                     I348956      31011800000000035003410000017N030118104700000000000103101180000000000000000000000000000000000000000100083780262720MARIA JOANA DOROTEIA DE PAULA           ESTRADA MERINGUAVA, 701 PINHEIRO 11     TAQUARA - JA22725442RIO DE JANEIRO RJUNIAO UMB DOS CULTOS AFRO BRAS    31011810 000025
10231987175000168916200163100    00008615                     000086150000000000000109                     I348615      31011800000000035003410000017N020118104700000000000103101180000000000000000000000000000000000000000100045619581772EDELZUITA PESSOA DA SILVA               RUA DONA JULIETA N 55 - MIGUEL COUTO    MIGUEL COUTO26147160NOVA IGUACU    RJUNIAO UMB DOS CULTOS AFRO BRAS    31011810 000026
10231987175000168916200163100    00001712                     000017120000000000000109                     I341712      31121700000000035003410000017N131117104700000000000103112170000000000000000000000000000000000000000100083780262720MARIA JOANA DOROTEIA DE PAULA           ESTRADA MERINGUAVA, 701 PINHEIRO 11     TAQUARA - JA22725442RIO DE JANEIRO RJUNIAO UMB DOS CULTOS AFRO BRAS    31121710 000027
9                                                                                                                                                                                                                                                                                                                                                                                                         000028
