01REMESSA01COBRANCA       817800093673        União Umb dos Cultos Afro Bra341BANCO ITAU SA  130618                                                                                                                                                                                                                                                                                                      000001
10231987175000168817800093673    000021197                    000211970000000000000109                     I0121197     30061800000000070003410000017N130618104700000000000103006180000000000000000000000000000000000000000100002175979717CLAUDIA PILAR PERES SANTOS DE           RUA JOAO MACIEIRA N 20                  MADUREIRA - 21310090RIO DE JANEIRO RJUNIAO UMB DOS CULTOS AFRO BRAS    30061810 000002
10231987175000168817800093673    000021196                    000211960000000000000109                     I0121196     30081800000000040003410000017N130618104700000000000103008180000000000000000000000000000000000000000100002875690710KARLA MARIA QUEIROGA MARTINS            RUA: PEREIRA DA COSTA N 18 FUNDOS       MADUREIRA - 21360270RIO DE JANEIRO RJUNIAO UMB DOS CULTOS AFRO BRAS    30081810 000003
10231987175000168817800093673    000021195                    000211950000000000000109                     I0121195     30071800000000040003410000017N130618104700000000000103007180000000000000000000000000000000000000000100002875690710KARLA MARIA QUEIROGA MARTINS            RUA: PEREIRA DA COSTA N 18 FUNDOS       MADUREIRA - 21360270RIO DE JANEIRO RJUNIAO UMB DOS CULTOS AFRO BRAS    30071810 000004
10231987175000168817800093673    000021194                    000211940000000000000109                     I0121194     19061800000000500003410000017N130618104700000000000101906180000000000000000000000000000000000000000100007702148780MARCO AURELIO DO NASCIMENTO AL          RUA RIO NEGRO, 160                      REALENGO - R21760280RIO DE JANEIRO RJUNIAO UMB DOS CULTOS AFRO BRAS    19061810 000005
10231987175000168817800093673    000021193                    000211930000000000000109                     I0121193     30081800000000035003410000017N130618104700000000000103008180000000000000000000000000000000000000000100005380679773ROBERTO DE OLIVEIRA RIBEIRO JU          RUA VINTE E TRES                        SANTA CRUZ  23500000RIO DE JANEIRO RJUNIAO UMB DOS CULTOS AFRO BRAS    30081810 000006
10231987175000168817800093673    000021192                    000211920000000000000109                     I0121192     30071800000000035003410000017N130618104700000000000103007180000000000000000000000000000000000000000100005380679773ROBERTO DE OLIVEIRA RIBEIRO JU          RUA VINTE E TRES                        SANTA CRUZ  23500000RIO DE JANEIRO RJUNIAO UMB DOS CULTOS AFRO BRAS    30071810 000007
10231987175000168817800093673    000021191                    000211910000000000000109                     I0121191     30081800000000035003410000017N120618104700000000000103008180000000000000000000000000000000000000000100001244562785LUIS CARLOS RIBEIRO                     RUA NEIDE AFONSO                        SHANGRILA RO26150020BELFORD ROXO   RJUNIAO UMB DOS CULTOS AFRO BRAS    30081810 000008
10231987175000168817800093673    000021190                    000211900000000000000109                     I0121190     30071800000000035003410000017N120618104700000000000103007180000000000000000000000000000000000000000100001244562785LUIS CARLOS RIBEIRO                     RUA NEIDE AFONSO                        SHANGRILA RO26150020BELFORD ROXO   RJUNIAO UMB DOS CULTOS AFRO BRAS    30071810 000009
10231987175000168817800093673    000021189                    000211890000000000000109                     I0121189     30061800000000035003410000017N120618104700000000000103006180000000000000000000000000000000000000000100001244562785LUIS CARLOS RIBEIRO                     RUA NEIDE AFONSO                        SHANGRILA RO26150020BELFORD ROXO   RJUNIAO UMB DOS CULTOS AFRO BRAS    30061810 000010
10231987175000168817800093673    000021188                    000211880000000000000109                     I0121188     30081800000000035003410000017N120618104700000000000103008180000000000000000000000000000000000000000100003256338780REGINALDO ROSA DA SILVA                 RUA TOMINAS                             IPIRANGA ALI26293381NOVA IGUACU    RJUNIAO UMB DOS CULTOS AFRO BRAS    30081810 000011
10231987175000168817800093673    000021187                    000211870000000000000109                     I0121187     30071800000000035003410000017N120618104700000000000103007180000000000000000000000000000000000000000100003256338780REGINALDO ROSA DA SILVA                 RUA TOMINAS                             IPIRANGA ALI26293381NOVA IGUACU    RJUNIAO UMB DOS CULTOS AFRO BRAS    30071810 000012
10231987175000168817800093673    000021186                    000211860000000000000109                     I0121186     30061800000000035003410000017N120618104700000000000103006180000000000000000000000000000000000000000100003256338780REGINALDO ROSA DA SILVA                 RUA TOMINAS                             IPIRANGA ALI26293381NOVA IGUACU    RJUNIAO UMB DOS CULTOS AFRO BRAS    30061810 000013
10231987175000168817800093673    000021185                    000211850000000000000109                     I0121185     30081800000000035003410000017N120618104700000000000103008180000000000000000000000000000000000000000100004474665775REGINALDO RAMOS DA SILVA                RUA JULIO DE CASTILHOS                  JARDIM ROTSE25270210DUQUE DE CAXIASRJUNIAO UMB DOS CULTOS AFRO BRAS    30081810 000014
10231987175000168817800093673    000021184                    000211840000000000000109                     I0121184     30071800000000035003410000017N120618104700000000000103007180000000000000000000000000000000000000000100004474665775REGINALDO RAMOS DA SILVA                RUA JULIO DE CASTILHOS                  JARDIM ROTSE25270210DUQUE DE CAXIASRJUNIAO UMB DOS CULTOS AFRO BRAS    30071810 000015
10231987175000168817800093673    000021183                    000211830000000000000109                     I0121183     30061800000000035003410000017N120618104700000000000103006180000000000000000000000000000000000000000100004474665775REGINALDO RAMOS DA SILVA                RUA JULIO DE CASTILHOS                  JARDIM ROTSE25270210DUQUE DE CAXIASRJUNIAO UMB DOS CULTOS AFRO BRAS    30061810 000016
10231987175000168817800093673    000021182                    000211820000000000000109                     I0121182     30081800000000035003410000017N120618104700000000000103008180000000000000000000000000000000000000000100006485913793IASMIM SANTANA DA SILVA DE OLI          RUA GIBRALTAR                           PAVUNA      21650150RIO DE JANEIRO RJUNIAO UMB DOS CULTOS AFRO BRAS    30081810 000017
10231987175000168817800093673    000021181                    000211810000000000000109                     I0121181     30071800000000035003410000017N120618104700000000000103007180000000000000000000000000000000000000000100006485913793IASMIM SANTANA DA SILVA DE OLI          RUA GIBRALTAR                           PAVUNA      21650150RIO DE JANEIRO RJUNIAO UMB DOS CULTOS AFRO BRAS    30071810 000018
10231987175000168817800093673    000021180                    000211800000000000000109                     I0121180     20061800000000040003410000017N120618104700000000000102006180000000000000000000000000000000000000000100064494527734RONALDO ROSAS ALVES                     ESTRADA COMANDANTE                      PRATA       25976140TERESOPOLIS    RJUNIAO UMB DOS CULTOS AFRO BRAS    20061810 000019
10231987175000168817800093673    000021178                    000211780000000000000109                     I0121178     20061800000000035003410000017N120618104700000000000102006180000000000000000000000000000000000000000100031569250715JORGE FRANCISCO SANTOS                  EXPEDICIONARIO SEBASTIAO RIBEIRO, 142   COLUBANDE - 24451710SAO GONCALO    RJUNIAO UMB DOS CULTOS AFRO BRAS    20061810 000020
10231987175000168817800093673    000021177                    000211770000000000000109                     I0121177     20061800000000035003410000017N120618104700000000000102006180000000000000000000000000000000000000000100031569250715JORGE FRANCISCO SANTOS                  EXPEDICIONARIO SEBASTIAO RIBEIRO, 142   COLUBANDE - 24451710SAO GONCALO    RJUNIAO UMB DOS CULTOS AFRO BRAS    20061810 000021
10231987175000168817800093673    000021176                    000211760000000000000109                     I0121176     20061800000000070003410000017N110618104700000000000102006180000000000000000000000000000000000000000100096933836720CELIA GOMES DE OLIVEIRA FALCAO          RUA CONDOMINIO 1 DE MAIO, 227 B         MADAME MACHA23740020PETROPOLIS     RJUNIAO UMB DOS CULTOS AFRO BRAS    20061810 000022
10231987175000168817800093673    000021065                    000210650000000000000109                     I0221065     30051800000000035003410000017N240518104700000000000103005180000000000000000000000000000000000000000100031569250715JORGE FRANCISCO SANTOS                  EXPEDICIONARIO SEBASTIAO RIBEIRO, 142   COLUBANDE - 24451710SAO GONCALO    RJUNIAO UMB DOS CULTOS AFRO BRAS    30051810 000023
10231987175000168817800093673    000014431                    000144310000000000000109                     I0214431     30051800000000040003410000017N240418104700000000000103005180000000000000000000000000000000000000000100064494527734RONALDO ROSAS ALVES                     ESTRADA COMANDANTE                      PRATA       25976140TERESOPOLIS    RJUNIAO UMB DOS CULTOS AFRO BRAS    30051810 000024
10231987175000168817800093673    000014332                    000143320000000000000109                     I3414332     30051800000000035003410000017N050418104700000000000103005180000000000000000000000000000000000000000100003250570596VERONICA LUCIA DA CRUZ                  ESTRADA DOUTOR FARRULA                  SAO FRANCISC26125400BELFORD ROXO   RJUNIAO UMB DOS CULTOS AFRO BRAS    30051810 000025
10231987175000168817800093673    000013838                    000138380000000000000109                     I3413838     30051800000000035003410000017N200218104700000000000103005180000000000000000000000000000000000000000100065000366700DULCINEIA DA SILVA MENDONCA             RUA ALBERTINO LADEIRA N 63              MONTE CASTEL26041510NOVA IGUACU    RJUNIAO UMB DOS CULTOS AFRO BRAS    30051810 000026
10231987175000168817800093673    000013280                    000132800000000000000109                     I3413280     30051800000000035003410000017N200218104700000000000103005180000000000000000000000000000000000000000100091156386772MARILENE PEREIRA DOS SANTOS CO          ESTRADA DO PORTELA  694                 OSVALDO CRUZ21351050RIO DE JANEIRO RJUNIAO UMB DOS CULTOS AFRO BRAS    30051810 000027
10231987175000168817800093673    000012804                    000128040000000000000109                     I3412804     30051800000000035003410000017N200218104700000000000103005180000000000000000000000000000000000000000100007342538779DAVID GARDINA FERREIRA LUCIO            O MESMO                                 O MESMO     25550531SAO JOAO DE MERRJUNIAO UMB DOS CULTOS AFRO BRAS    30051810 000028
10231987175000168817800093673    000012733                    000127330000000000000109                     I0212733     30051800000000035003410000017N200218104700000000000103005180000000000000000000000000000000000000000100007474273721CLARINDO DE MEDEIROS                    RUA SAO MARCOS, 145A                    VILAR DOS TE25561220SAO JOAO DE MERRJUNIAO UMB DOS CULTOS AFRO BRAS    30051810 000029
10231987175000168817800093673    000012390                    000123900000000000000109                     I0212390     30051800000000035003410000017N200218104700000000000103005180000000000000000000000000000000000000000100031569250715JORGE FRANCISCO SANTOS                  EXPEDICIONARIO SEBASTIAO RIBEIRO, 142   COLUBANDE - 24451710SAO GONCALO    RJUNIAO UMB DOS CULTOS AFRO BRAS    30051810 000030
10231987175000168817800093673    000012376                    000123760000000000000109                     I3412376     30051800000000035003410000017N200218104700000000000103005180000000000000000000000000000000000000000100003388076758ROSALINA MARIA NEVES                    RUA LAURINDO FILHO, 199 CASA 6          CASCADURA - 21370260RIO DE JANEIRO RJUNIAO UMB DOS CULTOS AFRO BRAS    30051810 000031
10231987175000168817800093673    000012331                    000123310000000000000109                     I3412331     30051800000000035003410000017N200218104700000000000103005180000000000000000000000000000000000000000100083780262720MARIA JOANA DOROTEIA DE PAULA           ESTRADA MERINGUAVA, 701 PINHEIRO 11     TAQUARA - JA22725442RIO DE JANEIRO RJUNIAO UMB DOS CULTOS AFRO BRAS    30051810 000032
10231987175000168817800093673    000012229                    000122290000000000000109                     I3412229     30041800000000035003410000017N200218104700000000000103004180000000000000000000000000000000000000000100065000366700DULCINEIA DA SILVA MENDONCA             RUA ALBERTINO LADEIRA N 63              MONTE CASTEL26041510NOVA IGUACU    RJUNIAO UMB DOS CULTOS AFRO BRAS    30041810 000033
10231987175000168817800093673    000011313                    000113130000000000000109                     I3411313     30041800000000035003410000017N200218104700000000000103004180000000000000000000000000000000000000000100002167919794ANDERSON CLEI BRANDAO TEIXEIRA          ESTRADA DO CANTAGALO Nº 595 A          CAMPO GRANDE23036440RIO DE JANEIRO RJUNIAO UMB DOS CULTOS AFRO BRAS    30041810 000034
10231987175000168817800093673    000011224                    000112240000000000000109                     I3411224     30041800000000035003410000017N200218104700000000000103004180000000000000000000000000000000000000000100062783203715SORAYA BARROS PINHEIRO                  RUA SANTOS TITARA, 45 APTO 115          TODOS SANTOS20735240RIO DE JANEIRO RJUNIAO UMB DOS CULTOS AFRO BRAS    30041810 000035
10231987175000168817800093673    000011220                    000112200000000000000109                     I3411220     30041800000000035003410000017N200218104700000000000103004180000000000000000000000000000000000000000100045619581772EDELZUITA PESSOA DA SILVA               RUA DONA JULIETA N 55 - MIGUEL COUTO    MIGUEL COUTO26147160NOVA IGUACU    RJUNIAO UMB DOS CULTOS AFRO BRAS    30041810 000036
10231987175000168817800093673    000011196                    000111960000000000000109                     I3411196     30041800000000035003410000017N200218104700000000000103004180000000000000000000000000000000000000000100004753333736ELAINE DOS SANTOS FONTES ARAUJ          O MESMO                                 O MESMO     21775090RIO DE JANEIRO RJUNIAO UMB DOS CULTOS AFRO BRAS    30041810 000037
10231987175000168817800093673    000011195                    000111950000000000000109                     I3411195     30041800000000035003410000017N200218104700000000000103004180000000000000000000000000000000000000000100007342538779DAVID GARDINA FERREIRA LUCIO            O MESMO                                 O MESMO     25550531SAO JOAO DE MERRJUNIAO UMB DOS CULTOS AFRO BRAS    30041810 000038
10231987175000168817800093673    000011124                    000111240000000000000109                     I0211124     30041800000000035003410000017N200218104700000000000103004180000000000000000000000000000000000000000100007474273721CLARINDO DE MEDEIROS                    RUA SAO MARCOS, 145A                    VILAR DOS TE25561220SAO JOAO DE MERRJUNIAO UMB DOS CULTOS AFRO BRAS    30041810 000039
10231987175000168817800093673    000010767                    000107670000000000000109                     I3410767     30041800000000035003410000017N200218104700000000000103004180000000000000000000000000000000000000000100003388076758ROSALINA MARIA NEVES                    RUA LAURINDO FILHO, 199 CASA 6          CASCADURA - 21370260RIO DE JANEIRO RJUNIAO UMB DOS CULTOS AFRO BRAS    30041810 000040
10231987175000168817800093673    000010722                    000107220000000000000109                     I3410722     30041800000000035003410000017N200218104700000000000103004180000000000000000000000000000000000000000100083780262720MARIA JOANA DOROTEIA DE PAULA           ESTRADA MERINGUAVA, 701 PINHEIRO 11     TAQUARA - JA22725442RIO DE JANEIRO RJUNIAO UMB DOS CULTOS AFRO BRAS    30041810 000041
10231987175000168817800093673    00009722                     000097220000000000000109                     I349722      30031800000000035003410000017N200218104700000000000103003180000000000000000000000000000000000000000100047515090715JOSE CARLOS DA SILVA GENUNCIO           RUA VEREADOR MAURICIO SOUZA N 97        ENGENHOCA - 24110539NITEROI        RJUNIAO UMB DOS CULTOS AFRO BRAS    30031810 000042
10231987175000168817800093673    00009713                     000097130000000000000109                     I349713      30031800000000035003410000017N200218104700000000000103003180000000000000000000000000000000000000000200000000009372SILAS SOUZA ALSELMO                     RUA DO CANAVIAL N 207                   PARQUE ANTAR26053040NOVA IGUACU    RJUNIAO UMB DOS CULTOS AFRO BRAS    30031810 000043
10231987175000168817800093673    00009709                     000097090000000000000109                     I349709      30031800000000035003410000017N200218104700000000000103003180000000000000000000000000000000000000000100067160891791ELIZABETH VIEGAS GUALHANO               RUA MARIZ DE BARROS N 272 APT° 302     PRACA DA BAN20785330RIO DE JANEIRO RJUNIAO UMB DOS CULTOS AFRO BRAS    30031810 000044
10231987175000168817800093673    00009704                     000097040000000000000109                     I349704      30031800000000035003410000017N200218104700000000000103003180000000000000000000000000000000000000000100002167919794ANDERSON CLEI BRANDAO TEIXEIRA          ESTRADA DO CANTAGALO Nº 595 A          CAMPO GRANDE23036440RIO DE JANEIRO RJUNIAO UMB DOS CULTOS AFRO BRAS    30031810 000045
10231987175000168817800093673    00009620                     000096200000000000000109                     I349620      30031800000000035003410000017N200218104700000000000103003180000000000000000000000000000000000000000200000000008601CARLOS ALBERTO PORTO LEAL               RUA FOSCA, 55                           POSSE - NOVA26020015NOVA IGUACU    RJUNIAO UMB DOS CULTOS AFRO BRAS    30031810 000046
10231987175000168817800093673    00009615                     000096150000000000000109                     I349615      30031800000000035003410000017N200218104700000000000103003180000000000000000000000000000000000000000100062783203715SORAYA BARROS PINHEIRO                  RUA SANTOS TITARA, 45 APTO 115          TODOS SANTOS20735240RIO DE JANEIRO RJUNIAO UMB DOS CULTOS AFRO BRAS    30031810 000047
10231987175000168817800093673    00009611                     000096110000000000000109                     I349611      30031800000000035003410000017N200218104700000000000103003180000000000000000000000000000000000000000100045619581772EDELZUITA PESSOA DA SILVA               RUA DONA JULIETA N 55 - MIGUEL COUTO    MIGUEL COUTO26147160NOVA IGUACU    RJUNIAO UMB DOS CULTOS AFRO BRAS    30031810 000048
10231987175000168817800093673    00009607                     000096070000000000000109                     I349607      30031800000000035003410000017N200218104700000000000103003180000000000000000000000000000000000000000100007295283757DULCE DOS SANTOS MONTEIRO               AVENIDA ESTACIO DE SA LOTE 32 QUADRA 17 PARQUE NOVO 25585000SAO JOAO DE MERRJUNIAO UMB DOS CULTOS AFRO BRAS    30031810 000049
10231987175000168817800093673    00009592                     000095920000000000000109                     I349592      30031800000000035003410000017N200218104700000000000103003180000000000000000000000000000000000000000100001117379744VERA LUCIA SOUZA COUTO                  RUA RUDY ALBERTO, 868 - IMPERADOR       MAUA - MAGE 25900000MAGE           RJUNIAO UMB DOS CULTOS AFRO BRAS    30031810 000050
10231987175000168817800093673    00009588                     000095880000000000000109                     I349588      30031800000000035003410000017N200218104700000000000103003180000000000000000000000000000000000000000100004501217715JOSE DIOMEDES DO PATROCINIO NE          RUA DOUTOR LAUREANO N 250 - VILA SAO LUIVILA SAO LUI25060220DUQUE DE CAXIASRJUNIAO UMB DOS CULTOS AFRO BRAS    30031810 000051
10231987175000168817800093673    00009587                     000095870000000000000109                     I349587      30031800000000035003410000017N200218104700000000000103003180000000000000000000000000000000000000000100004753333736ELAINE DOS SANTOS FONTES ARAUJ          O MESMO                                 O MESMO     21775090RIO DE JANEIRO RJUNIAO UMB DOS CULTOS AFRO BRAS    30031810 000052
10231987175000168817800093673    00009586                     000095860000000000000109                     I349586      30031800000000035003410000017N200218104700000000000103003180000000000000000000000000000000000000000100007342538779DAVID GARDINA FERREIRA LUCIO            O MESMO                                 O MESMO     25550531SAO JOAO DE MERRJUNIAO UMB DOS CULTOS AFRO BRAS    30031810 000053
10231987175000168817800093673    00009582                     000095820000000000000109                     I349582      30031800000000035003410000017N200218104700000000000103003180000000000000000000000000000000000000000100064949559753CREUZA LEAL COIMBRA                     O MESMO                                 O MESMO     25570393SAO JOAO DE MERRJUNIAO UMB DOS CULTOS AFRO BRAS    30031810 000054
10231987175000168817800093673    00009576                     000095760000000000000109                     I349576      30031800000000035003410000017N200218104700000000000103003180000000000000000000000000000000000000000100096252634700PATRICIA BORGES                         O MESMO                                 O MESMO     23530074RIO DE JANEIRO RJUNIAO UMB DOS CULTOS AFRO BRAS    30031810 000055
10231987175000168817800093673    00009515                     000095150000000000000109                     I029515      30031800000000035003410000017N200218104700000000000103003180000000000000000000000000000000000000000100007474273721CLARINDO DE MEDEIROS                    RUA SAO MARCOS, 145A                    VILAR DOS TE25561220SAO JOAO DE MERRJUNIAO UMB DOS CULTOS AFRO BRAS    30031810 000056
10231987175000168817800093673    00009329                     000093290000000000000109                     I349329      30031800000000035003410000017N200218104700000000000103003180000000000000000000000000000000000000000100005556657718EDUARDO DE OLIVEIRA SILVA               AV. GETULIO DE MOURA LOTE 9 QUADRA 1    A.PORTO / S.25520660SAO JOAO DE MERRJUNIAO UMB DOS CULTOS AFRO BRAS    30031810 000057
10231987175000168817800093673    00009158                     000091580000000000000109                     I349158      30031800000000035003410000017N200218104700000000000103003180000000000000000000000000000000000000000100003388076758ROSALINA MARIA NEVES                    RUA LAURINDO FILHO, 199 CASA 6          CASCADURA - 21370260RIO DE JANEIRO RJUNIAO UMB DOS CULTOS AFRO BRAS    30031810 000058
10231987175000168817800093673    00009113                     000091130000000000000109                     I349113      30031800000000035003410000017N200218104700000000000103003180000000000000000000000000000000000000000100083780262720MARIA JOANA DOROTEIA DE PAULA           ESTRADA MERINGUAVA, 701 PINHEIRO 11     TAQUARA - JA22725442RIO DE JANEIRO RJUNIAO UMB DOS CULTOS AFRO BRAS    30031810 000059
10231987175000168817800093673    00006526                     000065260000000000000109                     I346526      28021800000000035003410000017N271217104700000000000102802180000000000000000000000000000000000000000100047515090715JOSE CARLOS DA SILVA GENUNCIO           RUA VEREADOR MAURICIO SOUZA N 97        ENGENHOCA - 24110539NITEROI        RJUNIAO UMB DOS CULTOS AFRO BRAS    28021810 000060
10231987175000168817800093673    00006518                     000065180000000000000109                     I346518      28021800000000035003410000017N271217104700000000000102802180000000000000000000000000000000000000000200000000009372SILAS SOUZA ALSELMO                     RUA DO CANAVIAL N 207                   PARQUE ANTAR26053040NOVA IGUACU    RJUNIAO UMB DOS CULTOS AFRO BRAS    28021810 000061
10231987175000168817800093673    00005268                     000052680000000000000109                     I345268      31011800000000035003410000017N261217104700000000000103101180000000000000000000000000000000000000000200000000009372SILAS SOUZA ALSELMO                     RUA DO CANAVIAL N 207                   PARQUE ANTAR26053040NOVA IGUACU    RJUNIAO UMB DOS CULTOS AFRO BRAS    31011810 000062
10231987175000168817800093673    00005129                     000051290000000000000109                     I025129      31011800000000035003410000017N261217104700000000000103101180000000000000000000000000000000000000000100007474273721CLARINDO DE MEDEIROS                    RUA SAO MARCOS, 145A                    VILAR DOS TE25561220SAO JOAO DE MERRJUNIAO UMB DOS CULTOS AFRO BRAS    31011810 000063
10231987175000168817800093673    00001235                     000012350000000000000109                     I341235      20121700000000340003410000017N241017104700000000000102012170000000000000000000000000000000000000000100001657566757DENIZE ALVES PERES                      PRACA MARCIA MENDES N 17                CAMPINHO - R21341410RIO DE JANEIRO RJUNIAO UMB DOS CULTOS AFRO BRAS    20121710 000064
9                                                                                                                                                                                                                                                                                                                                                                                                         000065
