01REMESSA01COBRANCA       817800093673        União Umb dos Cultos Afro Bra341BANCO ITAU SA  270619                                                                                                                                                                                                                                                                                                      000001
10231987175000168817800093673    000049836                    000498360000000000000109                     I0149836     15071900000000240003410000017N270619105700000000000791507190000000000000000000000000000000000000000100068434707772EURIDES BIZERRA DE PAIVA                RUA VISCONDE DO URUGUAIN 133, APTº 502 CENTRO      24030081NITEROI        RJUNIAO UMB DOS CULTOS AFRO BRAS    15071915 000002
21150720190000000000480                                                                                                                                                                                                                                                                                                                                                                                   000003
10231987175000168817800093673    000049835                    000498350000000000000109                     I0149835     30091900000000040003410000017N270619105700000000000133009190000000000000000000000000000000000000000100092248195753SUELI JUCARA DE CARVALHO CORRE          RUA DO APRENDIZN 16,                    BANGU       21842410RIO DE JANEIRO RJUNIAO UMB DOS CULTOS AFRO BRAS    30091915 000004
21300920190000000000080                                                                                                                                                                                                                                                                                                                                                                                   000005
10231987175000168817800093673    000049834                    000498340000000000000109                     I0149834     30081900000000040003410000017N270619105700000000000133008190000000000000000000000000000000000000000100092248195753SUELI JUCARA DE CARVALHO CORRE          RUA DO APRENDIZN 16,                    BANGU       21842410RIO DE JANEIRO RJUNIAO UMB DOS CULTOS AFRO BRAS    30081915 000006
21300820190000000000080                                                                                                                                                                                                                                                                                                                                                                                   000007
10231987175000168817800093673    000049833                    000498330000000000000109                     I0149833     30071900000000040003410000017N270619105700000000000133007190000000000000000000000000000000000000000100092248195753SUELI JUCARA DE CARVALHO CORRE          RUA DO APRENDIZN 16,                    BANGU       21842410RIO DE JANEIRO RJUNIAO UMB DOS CULTOS AFRO BRAS    30071915 000008
21300720190000000000080                                                                                                                                                                                                                                                                                                                                                                                   000009
10231987175000168817800093673    000049832                    000498320000000000000109                     I0149832     30091900000000040003410000017N270619105700000000000133009190000000000000000000000000000000000000000100076060039715MARIA CELIA BAPTISTA DE SOUZA           RUA: MANTENOPOLISN 0, LOTE 11 QUADRA 92 PACIENCIA   23585350RIO DE JANEIRO RJUNIAO UMB DOS CULTOS AFRO BRAS    30091915 000010
21300920190000000000080                                                                                                                                                                                                                                                                                                                                                                                   000011
10231987175000168817800093673    000049831                    000498310000000000000109                     I0149831     30081900000000040003410000017N270619105700000000000133008190000000000000000000000000000000000000000100076060039715MARIA CELIA BAPTISTA DE SOUZA           RUA: MANTENOPOLISN 0, LOTE 11 QUADRA 92 PACIENCIA   23585350RIO DE JANEIRO RJUNIAO UMB DOS CULTOS AFRO BRAS    30081915 000012
21300820190000000000080                                                                                                                                                                                                                                                                                                                                                                                   000013
10231987175000168817800093673    000049830                    000498300000000000000109                     I0149830     30071900000000040003410000017N270619105700000000000133007190000000000000000000000000000000000000000100076060039715MARIA CELIA BAPTISTA DE SOUZA           RUA: MANTENOPOLISN 0, LOTE 11 QUADRA 92 PACIENCIA   23585350RIO DE JANEIRO RJUNIAO UMB DOS CULTOS AFRO BRAS    30071915 000014
21300720190000000000080                                                                                                                                                                                                                                                                                                                                                                                   000015
10231987175000168817800093673    000049829                    000498290000000000000109                     I0149829     10071900000000280003410000017N270619105700000000000921007190000000000000000000000000000000000000000100005432577704JOAO TEIXEIRA BRAGA NETO                RUA CANDIDO DE OLIVEIRAN 38,            RIO COMPRIDO20261115RIO DE JANEIRO RJUNIAO UMB DOS CULTOS AFRO BRAS    10071915 000016
21100720190000000000560                                                                                                                                                                                                                                                                                                                                                                                   000017
10231987175000168817800093673    000049828                    000498280000000000000109                     I0149828     30091900000000040003410000017N270619105700000000000133009190000000000000000000000000000000000000000100002087107793ANDERSON LUIZ DE AZEVEDO PEREI          RUA OLINDAN 90, CASA 2                  REALENGO    21730040RIO DE JANEIRO RJUNIAO UMB DOS CULTOS AFRO BRAS    30091915 000018
21300920190000000000080                                                                                                                                                                                                                                                                                                                                                                                   000019
10231987175000168817800093673    000049827                    000498270000000000000109                     I0149827     30081900000000040003410000017N270619105700000000000133008190000000000000000000000000000000000000000100002087107793ANDERSON LUIZ DE AZEVEDO PEREI          RUA OLINDAN 90, CASA 2                  REALENGO    21730040RIO DE JANEIRO RJUNIAO UMB DOS CULTOS AFRO BRAS    30081915 000020
21300820190000000000080                                                                                                                                                                                                                                                                                                                                                                                   000021
10231987175000168817800093673    000049826                    000498260000000000000109                     I0149826     30091900000000040003410000017N270619105700000000000133009190000000000000000000000000000000000000000100000331451727CLAUDIA ANDREA CASTRIOLA CHAVE          RUA JUSTINO DE ARAUJON 356,             PADRE MIGUEL21775800RIO DE JANEIRO RJUNIAO UMB DOS CULTOS AFRO BRAS    30091915 000022
21300920190000000000080                                                                                                                                                                                                                                                                                                                                                                                   000023
10231987175000168817800093673    000049825                    000498250000000000000109                     I0149825     30081900000000040003410000017N270619105700000000000133008190000000000000000000000000000000000000000100000331451727CLAUDIA ANDREA CASTRIOLA CHAVE          RUA JUSTINO DE ARAUJON 356,             PADRE MIGUEL21775800RIO DE JANEIRO RJUNIAO UMB DOS CULTOS AFRO BRAS    30081915 000024
21300820190000000000080                                                                                                                                                                                                                                                                                                                                                                                   000025
10231987175000168817800093673    000049824                    000498240000000000000109                     I0149824     31071900000000040003410000017N270619105700000000000133107190000000000000000000000000000000000000000100000331451727CLAUDIA ANDREA CASTRIOLA CHAVE          RUA JUSTINO DE ARAUJON 356,             PADRE MIGUEL21775800RIO DE JANEIRO RJUNIAO UMB DOS CULTOS AFRO BRAS    31071915 000026
21310720190000000000080                                                                                                                                                                                                                                                                                                                                                                                   000027
10231987175000168817800093673    000049823                    000498230000000000000109                     I0149823     30091900000000040003410000017N270619105700000000000133009190000000000000000000000000000000000000000100099708400700MARIA DA GUIA FERREIRA SARRO            TRAVESSA MACAPAN 74, B                  SANTA CRUZ  23550260RIO DE JANEIRO RJUNIAO UMB DOS CULTOS AFRO BRAS    30091915 000028
21300920190000000000080                                                                                                                                                                                                                                                                                                                                                                                   000029
10231987175000168817800093673    000049822                    000498220000000000000109                     I0149822     30081900000000040003410000017N270619105700000000000133008190000000000000000000000000000000000000000100099708400700MARIA DA GUIA FERREIRA SARRO            TRAVESSA MACAPAN 74, B                  SANTA CRUZ  23550260RIO DE JANEIRO RJUNIAO UMB DOS CULTOS AFRO BRAS    30081915 000030
21300820190000000000080                                                                                                                                                                                                                                                                                                                                                                                   000031
10231987175000168817800093673    000049821                    000498210000000000000109                     I0149821     30071900000000040003410000017N270619105700000000000133007190000000000000000000000000000000000000000100099708400700MARIA DA GUIA FERREIRA SARRO            TRAVESSA MACAPAN 74, B                  SANTA CRUZ  23550260RIO DE JANEIRO RJUNIAO UMB DOS CULTOS AFRO BRAS    30071915 000032
21300720190000000000080                                                                                                                                                                                                                                                                                                                                                                                   000033
10231987175000168817800093673    000049820                    000498200000000000000109                     I0149820     30091900000000040003410000017N260619105700000000000133009190000000000000000000000000000000000000000100002930806745HELOENIA ALVES ANTUNES                  RUA SAINT ROMANN 200, CASA 23           COPACABANA  22071060RIO DE JANEIRO RJUNIAO UMB DOS CULTOS AFRO BRAS    30091915 000034
21300920190000000000080                                                                                                                                                                                                                                                                                                                                                                                   000035
10231987175000168817800093673    000049819                    000498190000000000000109                     I0149819     30081900000000040003410000017N260619105700000000000133008190000000000000000000000000000000000000000100002930806745HELOENIA ALVES ANTUNES                  RUA SAINT ROMANN 200, CASA 23           COPACABANA  22071060RIO DE JANEIRO RJUNIAO UMB DOS CULTOS AFRO BRAS    30081915 000036
21300820190000000000080                                                                                                                                                                                                                                                                                                                                                                                   000037
10231987175000168817800093673    000049818                    000498180000000000000109                     I0149818     30071900000000040003410000017N260619105700000000000133007190000000000000000000000000000000000000000100002930806745HELOENIA ALVES ANTUNES                  RUA SAINT ROMANN 200, CASA 23           COPACABANA  22071060RIO DE JANEIRO RJUNIAO UMB DOS CULTOS AFRO BRAS    30071915 000038
21300720190000000000080                                                                                                                                                                                                                                                                                                                                                                                   000039
10231987175000168817800093673    000049817                    000498170000000000000109                     I0149817     30091900000000040003410000017N260619105700000000000133009190000000000000000000000000000000000000000100011516467760EMANOELLE ALVES AZEVEDO                 RUA IVAN LINSN 0,                       ENSEADA DAS 28897198RIO DAS OSTRAS RJUNIAO UMB DOS CULTOS AFRO BRAS    30091915 000040
21300920190000000000080                                                                                                                                                                                                                                                                                                                                                                                   000041
10231987175000168817800093673    000049816                    000498160000000000000109                     I0149816     30081900000000040003410000017N260619105700000000000133008190000000000000000000000000000000000000000100011516467760EMANOELLE ALVES AZEVEDO                 RUA IVAN LINSN 0,                       ENSEADA DAS 28897198RIO DAS OSTRAS RJUNIAO UMB DOS CULTOS AFRO BRAS    30081915 000042
21300820190000000000080                                                                                                                                                                                                                                                                                                                                                                                   000043
10231987175000168817800093673    000049815                    000498150000000000000109                     I0149815     30071900000000040003410000017N260619105700000000000133007190000000000000000000000000000000000000000100011516467760EMANOELLE ALVES AZEVEDO                 RUA IVAN LINSN 0,                       ENSEADA DAS 28897198RIO DAS OSTRAS RJUNIAO UMB DOS CULTOS AFRO BRAS    30071915 000044
21300720190000000000080                                                                                                                                                                                                                                                                                                                                                                                   000045
10231987175000168817800093673    000049814                    000498140000000000000109                     I0149814     30091900000000040003410000017N260619105700000000000133009190000000000000000000000000000000000000000100009035937788KARINA MOTA DE ASSIS GIL DOS S          RUA DOS MACACOSN 0, - TRAVESSA I CASA 4 UNAMAR (TAMO28928176CABO FRIO      RJUNIAO UMB DOS CULTOS AFRO BRAS    30091915 000046
21300920190000000000080                                                                                                                                                                                                                                                                                                                                                                                   000047
10231987175000168817800093673    000049813                    000498130000000000000109                     I0149813     30081900000000040003410000017N260619105700000000000133008190000000000000000000000000000000000000000100009035937788KARINA MOTA DE ASSIS GIL DOS S          RUA DOS MACACOSN 0, - TRAVESSA I CASA 4 UNAMAR (TAMO28928176CABO FRIO      RJUNIAO UMB DOS CULTOS AFRO BRAS    30081915 000048
21300820190000000000080                                                                                                                                                                                                                                                                                                                                                                                   000049
10231987175000168817800093673    000049812                    000498120000000000000109                     I0149812     30071900000000040003410000017N260619105700000000000133007190000000000000000000000000000000000000000100009035937788KARINA MOTA DE ASSIS GIL DOS S          RUA DOS MACACOSN 0, - TRAVESSA I CASA 4 UNAMAR (TAMO28928176CABO FRIO      RJUNIAO UMB DOS CULTOS AFRO BRAS    30071915 000050
21300720190000000000080                                                                                                                                                                                                                                                                                                                                                                                   000051
10231987175000168817800093673    000049811                    000498110000000000000109                     I0149811     30091900000000040003410000017N260619105700000000000133009190000000000000000000000000000000000000000100005252225702ELISANGELA COSTA                        RUA DIAMANTE NEGRON 4,                  SANTO ANTONI28925574CABO FRIO      RJUNIAO UMB DOS CULTOS AFRO BRAS    30091915 000052
21300920190000000000080                                                                                                                                                                                                                                                                                                                                                                                   000053
10231987175000168817800093673    000049810                    000498100000000000000109                     I0149810     30081900000000040003410000017N260619105700000000000133008190000000000000000000000000000000000000000100005252225702ELISANGELA COSTA                        RUA DIAMANTE NEGRON 4,                  SANTO ANTONI28925574CABO FRIO      RJUNIAO UMB DOS CULTOS AFRO BRAS    30081915 000054
21300820190000000000080                                                                                                                                                                                                                                                                                                                                                                                   000055
10231987175000168817800093673    000049809                    000498090000000000000109                     I0149809     30071900000000040003410000017N260619105700000000000133007190000000000000000000000000000000000000000100005252225702ELISANGELA COSTA                        RUA DIAMANTE NEGRON 4,                  SANTO ANTONI28925574CABO FRIO      RJUNIAO UMB DOS CULTOS AFRO BRAS    30071915 000056
21300720190000000000080                                                                                                                                                                                                                                                                                                                                                                                   000057
10231987175000168817800093673    000049808                    000498080000000000000109                     I0149808     30091900000000040003410000017N260619105700000000000133009190000000000000000000000000000000000000000100000415770785ANA PAULA DE SOUZA DUARTE DA S          RUA GOIASN 0, - RUA DAS PACAS LT 751 QD NOVA CALIFOR28927611CABO FRIO      RJUNIAO UMB DOS CULTOS AFRO BRAS    30091915 000058
21300920190000000000080                                                                                                                                                                                                                                                                                                                                                                                   000059
10231987175000168817800093673    000049807                    000498070000000000000109                     I0149807     30081900000000040003410000017N260619105700000000000133008190000000000000000000000000000000000000000100000415770785ANA PAULA DE SOUZA DUARTE DA S          RUA GOIASN 0, - RUA DAS PACAS LT 751 QD NOVA CALIFOR28927611CABO FRIO      RJUNIAO UMB DOS CULTOS AFRO BRAS    30081915 000060
21300820190000000000080                                                                                                                                                                                                                                                                                                                                                                                   000061
10231987175000168817800093673    000049806                    000498060000000000000109                     I0149806     30071900000000040003410000017N260619105700000000000133007190000000000000000000000000000000000000000100000415770785ANA PAULA DE SOUZA DUARTE DA S          RUA GOIASN 0, - RUA DAS PACAS LT 751 QD NOVA CALIFOR28927611CABO FRIO      RJUNIAO UMB DOS CULTOS AFRO BRAS    30071915 000062
21300720190000000000080                                                                                                                                                                                                                                                                                                                                                                                   000063
10231987175000168817800093673    000049805                    000498050000000000000109                     I0149805     30091900000000040003410000017N260619105700000000000133009190000000000000000000000000000000000000000100048379360753ANA MARIA DA SILVA MOREIRA              RUA DAS CAMELIASN 0, LOTE 03 QUADRA 16  CAMINHO DE B28921215CABO FRIO      RJUNIAO UMB DOS CULTOS AFRO BRAS    30091915 000064
21300920190000000000080                                                                                                                                                                                                                                                                                                                                                                                   000065
10231987175000168817800093673    000049804                    000498040000000000000109                     I0149804     30081900000000040003410000017N260619105700000000000133008190000000000000000000000000000000000000000100048379360753ANA MARIA DA SILVA MOREIRA              RUA DAS CAMELIASN 0, LOTE 03 QUADRA 16  CAMINHO DE B28921215CABO FRIO      RJUNIAO UMB DOS CULTOS AFRO BRAS    30081915 000066
21300820190000000000080                                                                                                                                                                                                                                                                                                                                                                                   000067
10231987175000168817800093673    000049803                    000498030000000000000109                     I0149803     30071900000000040003410000017N260619105700000000000133007190000000000000000000000000000000000000000100048379360753ANA MARIA DA SILVA MOREIRA              RUA DAS CAMELIASN 0, LOTE 03 QUADRA 16  CAMINHO DE B28921215CABO FRIO      RJUNIAO UMB DOS CULTOS AFRO BRAS    30071915 000068
21300720190000000000080                                                                                                                                                                                                                                                                                                                                                                                   000069
10231987175000168817800093673    000049012                    000490120000000000000109                     I0249012     30091900000000040003410000017N100619105700000000000133009190000000000000000000000000000000000000000100008463473776CLAUDIA OLIVEIRA DE SOUZA               RUA TENENTE JOSE HERCULINON 195,        VILA JARDIM 23016320RIO DE JANEIRO RJUNIAO UMB DOS CULTOS AFRO BRAS    30091915 000070
21300920190000000000080                                                                                                                                                                                                                                                                                                                                                                                   000071
10231987175000168817800093673    000048610                    000486100000000000000109                     I0248610     30091900000000040003410000017N100619105700000000000133009190000000000000000000000000000000000000000100001234429748CATIA CILENE MARTINS DE PAULA           RUA OITENTA E OITO N 0, CASA 173        ILHA DO GOVE21932797RIO DE JANEIRO RJUNIAO UMB DOS CULTOS AFRO BRAS    30091915 000072
21300920190000000000080                                                                                                                                                                                                                                                                                                                                                                                   000073
10231987175000168817800093673    000047573                    000475730000000000000109                     I0247573     30081900000000040003410000017N100619105700000000000133008190000000000000000000000000000000000000000100008463473776CLAUDIA OLIVEIRA DE SOUZA               RUA TENENTE JOSE HERCULINON 195,        VILA JARDIM 23016320RIO DE JANEIRO RJUNIAO UMB DOS CULTOS AFRO BRAS    30081915 000074
21300820190000000000080                                                                                                                                                                                                                                                                                                                                                                                   000075
10231987175000168817800093673    000047173                    000471730000000000000109                     I0247173     30081900000000040003410000017N100619105700000000000133008190000000000000000000000000000000000000000100001234429748CATIA CILENE MARTINS DE PAULA           RUA OITENTA E OITO N 0, CASA 173        ILHA DO GOVE21932797RIO DE JANEIRO RJUNIAO UMB DOS CULTOS AFRO BRAS    30081915 000076
21300820190000000000080                                                                                                                                                                                                                                                                                                                                                                                   000077
10231987175000168817800093673    000046143                    000461430000000000000109                     I0246143     30071900000000040003410000017N100619105700000000000133007190000000000000000000000000000000000000000100008463473776CLAUDIA OLIVEIRA DE SOUZA               RUA TENENTE JOSE HERCULINON 195,        VILA JARDIM 23016320RIO DE JANEIRO RJUNIAO UMB DOS CULTOS AFRO BRAS    30071915 000078
21300720190000000000080                                                                                                                                                                                                                                                                                                                                                                                   000079
10231987175000168817800093673    000045750                    000457500000000000000109                     I0245750     30071900000000040003410000017N100619105700000000000133007190000000000000000000000000000000000000000100001234429748CATIA CILENE MARTINS DE PAULA           RUA OITENTA E OITO N 0, CASA 173        ILHA DO GOVE21932797RIO DE JANEIRO RJUNIAO UMB DOS CULTOS AFRO BRAS    30071915 000080
21300720190000000000080                                                                                                                                                                                                                                                                                                                                                                                   000081
9                                                                                                                                                                                                                                                                                                                                                                                                         000082
