01REMESSA01COBRANCA       916200163100        União Umb dos Cultos Afro Bra341BANCO ITAU SA  290718                                                                                                                                                                                                                                                                                                      000001
10231987175000168916200163100    000021331                    000213310000000000000109                     I0121331     30081800000000035003410000017N270718104700000000000103008180000000000000000000000000000000000000000100009168799764JANAINA BEMVINDO DOS SANTOS             O MESMO                                 MESMO       21520040RIO DE JANEIRO RJUNIAO UMB DOS CULTOS AFRO BRAS    30081810 000002
10231987175000168916200163100    000021330                    000213300000000000000109                     I0121330     30081800000000035003410000017N270718104700000000000103008180000000000000000000000000000000000000000100074641980772IRENE MARQUES DA MOTA                   RUA: PORTO CAMARGO                      JARDIM MARAV23033170GUARATIBA      RJUNIAO UMB DOS CULTOS AFRO BRAS    30081810 000003
10231987175000168916200163100    000021329                    000213290000000000000109                     I0121329     30081800000000035003410000017N270718104700000000000103008180000000000000000000000000000000000000000100005818072789MARLUCE MARIA DE OLIVEIRA               RUA: PAHAND                             SANTA TEREZA26193500BELFORD ROXO   RJUNIAO UMB DOS CULTOS AFRO BRAS    30081810 000004
10231987175000168916200163100    000021328                    000213280000000000000109                     I0121328     20081800000000175003410000017N270718104700000000000102008180000000000000000000000000000000000000000100052873587687MARIA AMELIA DOMINGUES REZENDE          RUA: DOS VERANISTAS                     GUARAPARI   29000000ESPIRITO SANTO ESUNIAO UMB DOS CULTOS AFRO BRAS    20081810 000005
10231987175000168916200163100    000021327                    000213270000000000000109                     I0121327     30071800000000035003410000017N260718104700000000000103007180000000000000000000000000000000000000000100001596786760LINDEMBERG DE SOUZA AMARAL              RUA: SACOPAN Nº 98                     BOTAFOGO - N26041480NOVA IGUACU    RJUNIAO UMB DOS CULTOS AFRO BRAS    30071810 000006
10231987175000168916200163100    000021326                    000213260000000000000109                     I0121326     30081800000000035003410000017N260718104700000000000103008180000000000000000000000000000000000000000100052873587687MARIA AMELIA DOMINGUES REZENDE          RUA: DOS VERANISTAS                     GUARAPARI   29000000ESPIRITO SANTO ESUNIAO UMB DOS CULTOS AFRO BRAS    30081810 000007
10231987175000168916200163100    000021325                    000213250000000000000109                     I0121325     30081800000000040003410000017N260718104700000000000103008180000000000000000000000000000000000000000100072610344791SUELY BARROS DE MELO                    ESTRADA: GUANDU DO SENA                 CAMPO GRANDE23097220RIO DE JANEIRO RJUNIAO UMB DOS CULTOS AFRO BRAS    30081810 000008
10231987175000168916200163100    000021324                    000213240000000000000109                     I0121324     28081800000000350003410000017N260718104700000000000102808180000000000000000000000000000000000000000100000001795740MARINA CEZARIO AMARAL                   RUA CORONEL JOAQUIM MENDES, 38          COLUBANDE - 24744570SAO GONCALO    RJUNIAO UMB DOS CULTOS AFRO BRAS    28081810 000009
10231987175000168916200163100    000021323                    000213230000000000000109                     I0121323     20081800000000350003410000017N260718104700000000000102008180000000000000000000000000000000000000000100086094750772IARA MUNIZ DA SILVA BORGES              RUA FLAMBOYANT, 3                       VARGEM PEQUE22783117RIO DE JANEIRO RJUNIAO UMB DOS CULTOS AFRO BRAS    20081810 000010
10231987175000168916200163100    000021126                    000211260000000000000109                     I0221126     08061800000000070003410000017N300518104700000000000100806180000000000000000000000000000000000000000100069279500791CLAUDIA ALONSO RODRIGUES                ESTRADA DO PAU FERRO                    FREGUESIA   22745055RIO DE JANEIRO RJUNIAO UMB DOS CULTOS AFRO BRAS    08061810 000011
10231987175000168916200163100    000021109                    000211090000000000000109                     I0221109     10061800000000619913410000017N280518104700000000000101006180000000000000000000000000000000000000000100025937030753MANOEL GABRIEL DA SILVA                 RUA: ALCIDES MAIA                       BENTO RIBEIR21550560RIO DE JANEIRO RJUNIAO UMB DOS CULTOS AFRO BRAS    10061810 000012
10231987175000168916200163100    000021068                    000210680000000000000109                     I0221068     05061800000000385003410000017N250518104700000000000100506180000000000000000000000000000000000000000100014708764774ADILSON CARNEIRO PINTO                  R JUREMA 49                             GUARATIBA   23035380RIO DE JANEIRO RJUNIAO UMB DOS CULTOS AFRO BRAS    05061810 000013
10231987175000168916200163100    000021056                    000210560000000000000109                     I0221056     30051800000000035003410000017N220518104700000000000103005180000000000000000000000000000000000000000100089080475734MARCIA MARIA CORREIA DA SILVA           RUA ALVARES CABRAL, 520                 CACHAMBI - R20780320RIO DE JANEIRO RJUNIAO UMB DOS CULTOS AFRO BRAS    30051810 000014
10231987175000168916200163100    000021001                    000210010000000000000109                     I0221001     30051800000000105003410000017N180518104700000000000103005180000000000000000000000000000000000000000100099029359749ANDRE LUIZ REIS GRACIO                  RUA PIRAMBOIA N 130                     SENADOR VASC23012300RIO DE JANEIRO RJUNIAO UMB DOS CULTOS AFRO BRAS    30051810 000015
10231987175000168916200163100    000020994                    000209940000000000000109                     I0220994     30051800000000210003410000017N160518104700000000000103005180000000000000000000000000000000000000000100099363704734SUELY FERNANDES LAPAS OLIVEIRA          RUA SARUTAIA SN LOTE 37                 GUARATIBA - 23032620RIO DE JANEIRO RJUNIAO UMB DOS CULTOS AFRO BRAS    30051810 000016
10231987175000168916200163100    000020992                    000209920000000000000109                     I3420992     30071800000000035003410000017N150518104700000000000103007180000000000000000000000000000000000000000100007040620707MONICA BORGES MATTOS                    RUA INHAMUNS                            VILA VALQUEI21321330RIO DE JANEIRO RJUNIAO UMB DOS CULTOS AFRO BRAS    30071810 000017
10231987175000168916200163100    000020985                    000209850000000000000109                     I0220985     10061800000000700003410000017N140518104700000000000101006180000000000000000000000000000000000000000100015052633793JULIO CESAR DE ARAUJO SILVA AR          RUA NOVO HORIZONTE N 99                 PARQUE MAYRA27110470BARRA DO PIRAI RJUNIAO UMB DOS CULTOS AFRO BRAS    10061810 000018
10231987175000168916200163100    000020975                    000209750000000000000109                     I0220975     31051800000000140003410000017N110518104700000000000103105180000000000000000000000000000000000000000200000000006073ARACI AMELIA DA SILVA RIBEIRO           RUA ALIPIO GOMES DOS SANTOS, 493        JARDIM AMERI27340230BARRA DO PIRAI RJUNIAO UMB DOS CULTOS AFRO BRAS    31051810 000019
10231987175000168916200163100    000020972                    000209720000000000000109                     I0220972     10061800000000350003410000017N100518104700000000000101006180000000000000000000000000000000000000000100004770414773CARLOS ALBERTO TORRES NOGUEIRA          ESTRADA DO LAMEIRAO, 667 CASA 9         SANTISSIMO -23092031RIO DE JANEIRO RJUNIAO UMB DOS CULTOS AFRO BRAS    10061810 000020
10231987175000168916200163100    000020903                    000209030000000000000109                     I0220903     20061800000000300003410000017N100518104700000000000102006180000000000000000000000000000000000000000200000000007042CARLINDA ELIANE NUNES                   O MESMO                                 O MESMO     25015540DUQUE DE CAXIASRJUNIAO UMB DOS CULTOS AFRO BRAS    20061810 000021
10231987175000168916200163100    000020889                    000208890000000000000109                     I0220889     30081800000000035003410000017N100518104700000000000103008180000000000000000000000000000000000000000100059088230749MARILENE NESTOR CORDEIRO                RUA: ALMEIDA E SOUZA                    RIO DE JANEI21745310RIO DE JANEIRO RJUNIAO UMB DOS CULTOS AFRO BRAS    30081810 000022
10231987175000168916200163100    000020730                    000207300000000000000109                     I0220730     30081800000000035003410000017N070518104700000000000103008180000000000000000000000000000000000000000100007459837741LUIZ CARLOS CARDOSO                     RUA: WALDIR CARDOSO                     PAU GRANDE  25917040MAGE           RJUNIAO UMB DOS CULTOS AFRO BRAS    30081810 000023
10231987175000168916200163100    000020574                    000205740000000000000109                     I3420574     30081800000000035003410000017N070518104700000000000103008180000000000000000000000000000000000000000100062988050791REGINA LUCIA DE SOUZA SANTOS T          RUA ENGENHEIRO LAFAYETE STOCKLER N 742  VILA DA PENH21221390RIO DE JANEIRO RJUNIAO UMB DOS CULTOS AFRO BRAS    30081810 000024
10231987175000168916200163100    000020153                    000201530000000000000109                     I0220153     30081800000000035003410000017N070518104700000000000103008180000000000000000000000000000000000000000100007991824780DANIELLE OLIVEIRA DOS SANTOS            RUA GAMO, 4                             JARDIM METRO25575380SAO JOAO DE MERRJUNIAO UMB DOS CULTOS AFRO BRAS    30081810 000025
10231987175000168916200163100    000019194                    000191940000000000000109                     I0219194     30071800000000035003410000017N070518104700000000000103007180000000000000000000000000000000000000000100085542091768SUELY PEREIRA DA SILVA CALIXTO          RUA LUSITANIA II                        IMBARIE     25266005DUQUE DE CAXIASRJUNIAO UMB DOS CULTOS AFRO BRAS    30071810 000026
10231987175000168916200163100    000019160                    000191600000000000000109                     I0219160     30071800000000035003410000017N070518104700000000000103007180000000000000000000000000000000000000000100007459837741LUIZ CARLOS CARDOSO                     RUA: WALDIR CARDOSO                     PAU GRANDE  25917040MAGE           RJUNIAO UMB DOS CULTOS AFRO BRAS    30071810 000027
10231987175000168916200163100    000019103                    000191030000000000000109                     I0219103     30071800000000035003410000017N070518104700000000000103007180000000000000000000000000000000000000000100016618405742MILTON CARLOS JUNIO QUINTANILH          RUA SEIS                                PARADA MORAB25265000DUQUE DE CAXIASRJUNIAO UMB DOS CULTOS AFRO BRAS    30071810 000028
10231987175000168916200163100    000019004                    000190040000000000000109                     I3419004     30071800000000035003410000017N070518104700000000000103007180000000000000000000000000000000000000000100062988050791REGINA LUCIA DE SOUZA SANTOS T          RUA ENGENHEIRO LAFAYETE STOCKLER N 742  VILA DA PENH21221390RIO DE JANEIRO RJUNIAO UMB DOS CULTOS AFRO BRAS    30071810 000029
10231987175000168916200163100    000018909                    000189090000000000000109                     I0218909     30071800000000035003410000017N070518104700000000000103007180000000000000000000000000000000000000000100009948535723ANA CAROLINA VICENTE TELLES GO          RUA PACHECO JUNIOR                      BRAZ DE PINA21211170RIO DE JANEIRO RJUNIAO UMB DOS CULTOS AFRO BRAS    30071810 000030
10231987175000168916200163100    000018718                    000187180000000000000109                     I3418718     30071800000000035003410000017N070518104700000000000103007180000000000000000000000000000000000000000100009036923760ERIKA BARBOSA DOS SANTOS                AVENIDA ERNANI CARDOSO, 53 FUNDOS CASA 1CASCADURA - 21310310RIO DE JANEIRO RJUNIAO UMB DOS CULTOS AFRO BRAS    30071810 000031
10231987175000168916200163100    000018583                    000185830000000000000109                     I0218583     30071800000000035003410000017N070518104700000000000103007180000000000000000000000000000000000000000100007991824780DANIELLE OLIVEIRA DOS SANTOS            RUA GAMO, 4                             JARDIM METRO25575380SAO JOAO DE MERRJUNIAO UMB DOS CULTOS AFRO BRAS    30071810 000032
10231987175000168916200163100    000018534                    000185340000000000000109                     I3418534     30071800000000035003410000017N070518104700000000000103007180000000000000000000000000000000000000000100005776594723WALACE RODRIGUES                        ESTRADA: DOS TEIXEIRAS Nº 405, RUA 4 CATAQUARA - JA22723205RIO DE JANEIRO RJUNIAO UMB DOS CULTOS AFRO BRAS    30071810 000033
10231987175000168916200163100    000018427                    000184270000000000000109                     I3418427     30071800000000035003410000017N070518104700000000000103007180000000000000000000000000000000000000000100004764270706FLAVIO AILTON BRAGA FERREIRA            RUA CABURI, 11                          ROCHA MIRAND21550050RIO DE JANEIRO RJUNIAO UMB DOS CULTOS AFRO BRAS    30071810 000034
10231987175000168916200163100    000017910                    000179100000000000000109                     I3417910     30071800000000035003410000017N070518104700000000000103007180000000000000000000000000000000000000000100086374370791IVETE SILVA GOMES                       RUA SEIS LOTE 329                       GEBARA - ITA24867416NITEROI        RJUNIAO UMB DOS CULTOS AFRO BRAS    30071810 000035
10231987175000168916200163100    000016061                    000160610000000000000109                     I0216061     05061800000000245003410000017N070518104700000000000100506180000000000000000000000000000000000000000100077165772715EDNA SANTOS DA TRINDADE                 RUA PARAISO 16                          SANTA CRUZ  23530610RIO DE JANEIRO RJUNIAO UMB DOS CULTOS AFRO BRAS    05061810 000036
10231987175000168916200163100    000015913                    000159130000000000000109                     I0215913     30061800000000035003410000017N070518104700000000000103006180000000000000000000000000000000000000000100016618405742MILTON CARLOS JUNIO QUINTANILH          RUA SEIS                                PARADA MORAB25265000DUQUE DE CAXIASRJUNIAO UMB DOS CULTOS AFRO BRAS    30061810 000037
10231987175000168916200163100    000015528                    000155280000000000000109                     I3415528     30061800000000035003410000017N070518104700000000000103006180000000000000000000000000000000000000000100009036923760ERIKA BARBOSA DOS SANTOS                AVENIDA ERNANI CARDOSO, 53 FUNDOS CASA 1CASCADURA - 21310310RIO DE JANEIRO RJUNIAO UMB DOS CULTOS AFRO BRAS    30061810 000038
10231987175000168916200163100    000015393                    000153930000000000000109                     I0215393     30061800000000035003410000017N070518104700000000000103006180000000000000000000000000000000000000000100007991824780DANIELLE OLIVEIRA DOS SANTOS            RUA GAMO, 4                             JARDIM METRO25575380SAO JOAO DE MERRJUNIAO UMB DOS CULTOS AFRO BRAS    30061810 000039
10231987175000168916200163100    000015238                    000152380000000000000109                     I3415238     30061800000000035003410000017N070518104700000000000103006180000000000000000000000000000000000000000100004764270706FLAVIO AILTON BRAGA FERREIRA            RUA CABURI, 11                          ROCHA MIRAND21550050RIO DE JANEIRO RJUNIAO UMB DOS CULTOS AFRO BRAS    30061810 000040
10231987175000168916200163100    000014721                    000147210000000000000109                     I3414721     30061800000000035003410000017N070518104700000000000103006180000000000000000000000000000000000000000100086374370791IVETE SILVA GOMES                       RUA SEIS LOTE 329                       GEBARA - ITA24867416NITEROI        RJUNIAO UMB DOS CULTOS AFRO BRAS    30061810 000041
10231987175000168916200163100    000014682                    000146820000000000000109                     I0214682     30061800000000035003410000017N070518104700000000000103006180000000000000000000000000000000000000000100088831051768ELISETE MOREIRA DE OLIVEIRA             RUA JOSE MACHADO                        IRAJA       21361360RIO DE JANEIRO RJUNIAO UMB DOS CULTOS AFRO BRAS    30061810 000042
10231987175000168916200163100    000014623                    000146230000000000000109                     I3414623     30061800000000035003410000017N070518104700000000000103006180000000000000000000000000000000000000000100000237914387JOSE EDILSON RABELO CAULA               RUA: DOS INVALIDOS                      LAPA        20231046RIO DE JANEIRO RJUNIAO UMB DOS CULTOS AFRO BRAS    30061810 000043
10231987175000168916200163100    000014474                    000144740000000000000109                     I0214474     30061800000000350003410000017N070518104700000000000103006180000000000000000000000000000000000000000100089982118749LENIR SILVA DOS SANTOS                  RUA DA LUTA                             JARDIM LARAN26291278RIO DE JANEIRO RJUNIAO UMB DOS CULTOS AFRO BRAS    30061810 000044
10231987175000168916200163100    000014462                    000144620000000000000109                     I0214462     30051800000000340003410000017N020518104700000000000103005180000000000000000000000000000000000000000100000000000590MARIA SILVIA DOS SANTOS LADEIR          RUA: ACADEMICOS                         PIRATININGA 24350400NITEROI        RJUNIAO UMB DOS CULTOS AFRO BRAS    30051810 000045
10231987175000168916200163100    000014458                    000144580000000000000109                     I0214458     30051800000000035003410000017N020518104700000000000103005180000000000000000000000000000000000000000100000000007416ELOIDE GONCALVES GAIA                   O MESMO                                 O MESMO     00000000RIO DE JANEIRO RJUNIAO UMB DOS CULTOS AFRO BRAS    30051810 000046
10231987175000168916200163100    000014413                    000144130000000000000109                     I0214413     30051800000000040003410000017N170418104700000000000103005180000000000000000000000000000000000000000100012295676746JEFFERSON ANTONIO TELLES GALDI          RUA MOUZIN DE ALBUQUERQUE               SAO VICENTE 26178080BELFORD ROXO   RJUNIAO UMB DOS CULTOS AFRO BRAS    30051810 000047
10231987175000168916200163100    000014350                    000143500000000000000109                     I0214350     30051800000000040003410000017N090418104700000000000103005180000000000000000000000000000000000000000100001253277737MARIA JOSE DANTAS MOREIRA               RUA SETE DE JUNHO                       PRAIA DE MAU25925732MAGE           RJUNIAO UMB DOS CULTOS AFRO BRAS    30051810 000048
10231987175000168916200163100    000014238                    000142380000000000000109                     I0214238     30051800000000035003410000017N160318104700000000000103005180000000000000000000000000000000000000000100078893739704DENISE QUEIROZ CARNEIRO                 ESTRADA DO LAMEIRAO/ RUA PAINEIRAS, 30  SANTISSIMO -23092031RIO DE JANEIRO RJUNIAO UMB DOS CULTOS AFRO BRAS    30051810 000049
10231987175000168916200163100    000014236                    000142360000000000000109                     I0214236     30051800000000035003410000017N160318104700000000000103005180000000000000000000000000000000000000000100046180303720ALANIR SOARES DA SILVA                  RUA QUATORZE, LOTE 14 QUADRA 32         SANTA CRUZ -23520292RIO DE JANEIRO RJUNIAO UMB DOS CULTOS AFRO BRAS    30051810 000050
10231987175000168916200163100    000014232                    000142320000000000000109                     I0214232     30051800000000035003410000017N160318104700000000000103005180000000000000000000000000000000000000000100001388677717EDSON LUIZ COSTA SOARES                 RUA: LEOCADIO MELLO 326                 JARDIM NOVA 26272060NOVA IGUACU    RJUNIAO UMB DOS CULTOS AFRO BRAS    30051810 000051
10231987175000168916200163100    000014222                    000142220000000000000109                     I0214222     30051800000000035003410000017N150318104700000000000103005180000000000000000000000000000000000000000100005933193704ANA PAULA DA SILVA SANTOS               RUA: APIACA                             JARDIM BARRO25267290DUQUE DE CAXIASRJUNIAO UMB DOS CULTOS AFRO BRAS    30051810 000052
10231987175000168916200163100    000014220                    000142200000000000000109                     I0214220     30051800000000035003410000017N150318104700000000000103005180000000000000000000000000000000000000000100065065325749MARIA LUISA CHAGAS SILVA                RUA BOGARI N°16  BELFORD ROXO          JD XAVANTES 26160190BELFORD ROXO   RJUNIAO UMB DOS CULTOS AFRO BRAS    30051810 000053
10231987175000168916200163100    000014216                    000142160000000000000109                     I0214216     30051800000000035003410000017N150318104700000000000103005180000000000000000000000000000000000000000100010018753701PAULA DE BRITO                          RUA FRANCISCO VIOLTI                    HELIOPOLIS  26125440RIO DE JANEIRO RJUNIAO UMB DOS CULTOS AFRO BRAS    30051810 000054
10231987175000168916200163100    000014199                    000141990000000000000109                     I0214199     30051800000000035003410000017N120318104700000000000103005180000000000000000000000000000000000000000100002161361724ELISANGELA VIRGINIA CARVALHO A          RUA MARIA BENJAMIN N 391 CASA 1         PILARES - RI20950360RIO DE JANEIRO RJUNIAO UMB DOS CULTOS AFRO BRAS    30051810 000055
10231987175000168916200163100    000014173                    000141730000000000000109                     I0214173     30051800000000040003410000017N060318104700000000000103005180000000000000000000000000000000000000000100090468414720MARCOS MELLO TERRA                      O MESMO                                 O MESMO     25915000MAGE           RJUNIAO UMB DOS CULTOS AFRO BRAS    30051810 000056
10231987175000168916200163100    000014160                    000141600000000000000109                     I0214160     30051800000000040003410000017N050318104700000000000103005180000000000000000000000000000000000000000100094635650782ALFREDO DOMINGOS HAFNER                 RUA: DONA EMILIA                        PIABETA     25931606MAGE           RJUNIAO UMB DOS CULTOS AFRO BRAS    30051810 000057
10231987175000168916200163100    000014153                    000141530000000000000109                     I0214153     30051800000000035003410000017N010318104700000000000103005180000000000000000000000000000000000000000100058756280734SANDRA REGINA DA CONCEICAO              RUA BUENOS AIRES                        JARDIM PERNA26275390NOVA IGUACU    RJUNIAO UMB DOS CULTOS AFRO BRAS    30051810 000058
10231987175000168916200163100    000014086                    000140860000000000000109                     I0214086     30051800000000035003410000017N270218104700000000000103005180000000000000000000000000000000000000000100012781404764RICARDO RIBEIRO DOS SANTOS              RUA MARIA FRANCISCA,16 B                CENTRO - CAM23050030RIO DE JANEIRO RJUNIAO UMB DOS CULTOS AFRO BRAS    30051810 000059
10231987175000168916200163100    000014075                    000140750000000000000109                     I0214075     30051800000000035003410000017N260218104700000000000103005180000000000000000000000000000000000000000100015903167896PRISCILA APARECIDA SERRANO CLE          MESMO                                   MESMO       02251010SAO PAULO      SPUNIAO UMB DOS CULTOS AFRO BRAS    30051810 000060
10231987175000168916200163100    000014037                    000140370000000000000109                     I0214037     30051800000000035003410000017N260218104700000000000103005180000000000000000000000000000000000000000100072962771734MARCIA CARNAVAL                         RUA AJAPI, 580 CASA 2                   COSMOS - RIO23066420RIO DE JANEIRO RJUNIAO UMB DOS CULTOS AFRO BRAS    30051810 000061
10231987175000168916200163100    000014034                    000140340000000000000109                     I0214034     30051800000000035003410000017N260218104700000000000103005180000000000000000000000000000000000000000200000000012567FLAVIA DE CARVALHO TORRES               RUA Z N 22                              SANTA TEREZA20251600RIO DE JANEIRO RJUNIAO UMB DOS CULTOS AFRO BRAS    30051810 000062
10231987175000168916200163100    000014028                    000140280000000000000109                     I0214028     30051800000000035003410000017N230218104700000000000103005180000000000000000000000000000000000000000100097129461772ROSINEIDE BARBOSA DA SILVA              RUA: ADILSON FERREIRA LOTE 10 - VILA MAGPIABETA - MA24210205MAGE           RJUNIAO UMB DOS CULTOS AFRO BRAS    30051810 000063
10231987175000168916200163100    000014025                    000140250000000000000109                     I0214025     30051800000000035003410000017N230218104700000000000103005180000000000000000000000000000000000000000100000858723778GEOVANI FERNANDA DA SILVA               RUA SOFIA BARRETO                       VITOR DUMAS 23550700RIO DE JANEIRO RJUNIAO UMB DOS CULTOS AFRO BRAS    30051810 000064
10231987175000168916200163100    000014007                    000140070000000000000109                     I0214007     30051800000000035003410000017N230218104700000000000103005180000000000000000000000000000000000000000100074190741787JOSE ITAGIBA RODRIGUES                  TRAVESSA SANTA ROSA, LOTE 35            CAPELA - MAG25916060MAGE           RJUNIAO UMB DOS CULTOS AFRO BRAS    30051810 000065
10231987175000168916200163100    000013994                    000139940000000000000109                     I0213994     30051800000000035003410000017N220218104700000000000103005180000000000000000000000000000000000000000100063705630725JOSE ANTONIO SOARES PENEDO              RUA MANUEL DA SILVA, LOTE 23 E 24 QUADRAIRAJA - RJ  21235210RIO DE JANEIRO RJUNIAO UMB DOS CULTOS AFRO BRAS    30051810 000066
10231987175000168916200163100    000013982                    000139820000000000000109                     I0213982     30051800000000035003410000017N220218104700000000000103005180000000000000000000000000000000000000000100007128617779NEIDE TELES DO NASCIMENTO               RUA: ARACA Nº 541                      RICARDO DE A21620050RIO DE JANEIRO RJUNIAO UMB DOS CULTOS AFRO BRAS    30051810 000067
10231987175000168916200163100    000013979                    000139790000000000000109                     I0213979     30051800000000035003410000017N220218104700000000000103005180000000000000000000000000000000000000000100059480904772EDSON CORREIA                           RUA NOVA ATLANTIDA, 543                 ROSA DOS VEN26278757NOVA IGUACU    RJUNIAO UMB DOS CULTOS AFRO BRAS    30051810 000068
9                                                                                                                                                                                                                                                                                                                                                                                                         000069
