01REMESSA01COBRANCA       817800093673        União Umb dos Cultos Afro Bra341BANCO ITAU SA  130718                                                                                                                                                                                                                                                                                                      000001
10231987175000168817800093673    000021197                    000211970000000000000109                     I0221197     30061800000000070003410000017N130618104700000000000103006180000000000000000000000000000000000000000100002175979717CLAUDIA PILAR PERES SANTOS DE           RUA JOAO MACIEIRA                       MADUREIRA   21310090RIO DE JANEIRO RJUNIAO UMB DOS CULTOS AFRO BRAS    30061810 000002
10231987175000168817800093673    000021163                    000211630000000000000109                     I3421163     30071800000000035003410000017N070618104700000000000103007180000000000000000000000000000000000000000100062788396791SERGIO LUCAS DE SOUZA E DINARA          TRAVESSA CARLOS XAVIER                  MADUREIRA   21310010RIO DE JANEIRO RJUNIAO UMB DOS CULTOS AFRO BRAS    30071810 000003
10231987175000168817800093673    000021160                    000211600000000000000109                     I0221160     20071800000000245003410000017N060618104700000000000102007180000000000000000000000000000000000000000100034415688772JORGE FERNANDES BEZERRA                 RUA: LEOCADIA 565                       REALENGO    21770190RIO DE JANEIRO RJUNIAO UMB DOS CULTOS AFRO BRAS    20071810 000004
10231987175000168817800093673    000021138                    000211380000000000000109                     I3421138     30081800000000035003410000017N050618104700000000000103008180000000000000000000000000000000000000000100000893865745MONICA DE PONTES                        TRAVESSA OLINDA SANTOS                  TURIACU     21540340RIO DE JANEIRO RJUNIAO UMB DOS CULTOS AFRO BRAS    30081810 000005
10231987175000168817800093673    000021137                    000211370000000000000109                     I3421137     30071800000000035003410000017N050618104700000000000103007180000000000000000000000000000000000000000100000893865745MONICA DE PONTES                        TRAVESSA OLINDA SANTOS                  TURIACU     21540340RIO DE JANEIRO RJUNIAO UMB DOS CULTOS AFRO BRAS    30071810 000006
10231987175000168817800093673    000013925                    000139250000000000000109                     I3413925     30051800000000035003410000017N200218104700000000000103005180000000000000000000000000000000000000000100002331392730ANA MARIA DOS SANTOS VIEIRA             RUA OITO                                PARQUE ALVOR26053220NOVA IGUACU    RJUNIAO UMB DOS CULTOS AFRO BRAS    30051810 000007
10231987175000168817800093673    000013698                    000136980000000000000109                     I3413698     30051800000000035003410000017N200218104700000000000103005180000000000000000000000000000000000000000100001147868794VALERIA APARECIDA DE SOUZA              RUA ALCYR BRASIL N 710                  JARDIM NOVA 26266010NOVA IGUACU    RJUNIAO UMB DOS CULTOS AFRO BRAS    30051810 000008
10231987175000168817800093673    000013636                    000136360000000000000109                     I3413636     30051800000000035003410000017N200218104700000000000103005180000000000000000000000000000000000000000100002596844737NANCI BARCELOS MACIEL                   MESMO                                   MESMO       21320030RIO DE JANEIRO RJUNIAO UMB DOS CULTOS AFRO BRAS    30051810 000009
10231987175000168817800093673    000013600                    000136000000000000000109                     I0213600     30051800000000035003410000017N200218104700000000000103005180000000000000000000000000000000000000000100003139923716ANDRE MARQUES POLICARPO                 RUA PIRACANJUBA  LOTE 11 QUADRA 209     JARDIM CATAR24716051SAO GONCALO    RJUNIAO UMB DOS CULTOS AFRO BRAS    30051810 000010
10231987175000168817800093673    000013568                    000135680000000000000109                     I0213568     30051800000000035003410000017N200218104700000000000103005180000000000000000000000000000000000000000100068661533791CARLOS RENNAN CORREIA BORGES            RUA AMERICA DOURADA, LOTE 8 QUADRA 34   CAMPO GRANDE23088240RIO DE JANEIRO RJUNIAO UMB DOS CULTOS AFRO BRAS    30051810 000011
10231987175000168817800093673    000013564                    000135640000000000000109                     I3413564     30051800000000035003410000017N200218104700000000000103005180000000000000000000000000000000000000000100009556812784AROLDO ADRIANO DE OLIVEIRA              RUA IBITU, 127 FUNDOS                   REALENGO - R21765510RIO DE JANEIRO RJUNIAO UMB DOS CULTOS AFRO BRAS    30051810 000012
10231987175000168817800093673    000013522                    000135220000000000000109                     I3413522     30051800000000035003410000017N200218104700000000000103005180000000000000000000000000000000000000000100008997230719RAIMUNDA DE SOUZA MEDEIROS              RUA DANIEL MARINHO                      RIO DAS PEDR00000000RIO DE JANEIRO RJUNIAO UMB DOS CULTOS AFRO BRAS    30051810 000013
10231987175000168817800093673    000013505                    000135050000000000000109                     I0213505     30051800000000035003410000017N200218104700000000000103005180000000000000000000000000000000000000000100007730416727ALESSANDRA REGINA DOS ANJOS             RUA: NEVES                              PARQUE TIETE25585380SAO JOAO DE MERRJUNIAO UMB DOS CULTOS AFRO BRAS    30051810 000014
10231987175000168817800093673    000013477                    000134770000000000000109                     I3413477     30051800000000035003410000017N200218104700000000000103005180000000000000000000000000000000000000000100000119220792ANA MARIA PASSOS INOCENCIO              RUA CACONDE N 258                       RIO DE JANEI21331415RIO DE JANEIRO RJUNIAO UMB DOS CULTOS AFRO BRAS    30051810 000015
10231987175000168817800093673    000013473                    000134730000000000000109                     I3413473     30051800000000035003410000017N200218104700000000000103005180000000000000000000000000000000000000000100013180490756DIEGO CAVALCANTI DA SILVA               RUA CONDE DE RESENDE, 127               BENTO RIBEIR21550600RIO DE JANEIRO RJUNIAO UMB DOS CULTOS AFRO BRAS    30051810 000016
10231987175000168817800093673    000013348                    000133480000000000000109                     I0213348     30051800000000035003410000017N200218104700000000000103005180000000000000000000000000000000000000000100000292323760MAURICIO MANTELLI                       AVENIDA GETULIO VARGAS 2589             CENTRO - NIL26525012NILOPOLIS      RJUNIAO UMB DOS CULTOS AFRO BRAS    30051810 000017
10231987175000168817800093673    000013247                    000132470000000000000109                     I3413247     30051800000000035003410000017N200218104700000000000103005180000000000000000000000000000000000000000100073711616704SANDRA REGINA BESERRA SILVA             ESTRADA: CAMPO DA AREIA Nº 301 - PECHINJACAREPAGUA 22743311RIO DE JANEIRO RJUNIAO UMB DOS CULTOS AFRO BRAS    30051810 000018
10231987175000168817800093673    000013219                    000132190000000000000109                     I0213219     30051800000000035003410000017N200218104700000000000103005180000000000000000000000000000000000000000100053207823734HELENICE TEODORO DA SILVA CARV          O MESMO                                 O MESMO     23026010RIO DE JANEIRO RJUNIAO UMB DOS CULTOS AFRO BRAS    30051810 000019
10231987175000168817800093673    000013125                    000131250000000000000109                     I0213125     30051800000000035003410000017N200218104700000000000103005180000000000000000000000000000000000000000100003436203750ANDRE HENRIQUE FELICIO DE AZEV          ESTRADA: VELHA DO PIAI Nº 328 B        SEPETIBA - R23530800RIO DE JANEIRO RJUNIAO UMB DOS CULTOS AFRO BRAS    30051810 000020
10231987175000168817800093673    000013071                    000130710000000000000109                     I0213071     30051800000000035003410000017N200218104700000000000103005180000000000000000000000000000000000000000100008184015755ELIZABETH DE SOUZA                      RUA MERCURIO, 36 CASA 3 FUNDOS          SANTA TEREZI26553260MESQUITA       RJUNIAO UMB DOS CULTOS AFRO BRAS    30051810 000021
10231987175000168817800093673    000012846                    000128460000000000000109                     I0212846     30051800000000035003410000017N200218104700000000000103005180000000000000000000000000000000000000000100099025078753EVA DE OLIVEIRA LOPES                   ESTRADA SANTO ANTONIO Nº 8             CARTA ANISTI26455280RIO DE JANEIRO RJUNIAO UMB DOS CULTOS AFRO BRAS    30051810 000022
10231987175000168817800093673    000012730                    000127300000000000000109                     I3412730     30051800000000035003410000017N200218104700000000000103005180000000000000000000000000000000000000000100041216989753CARMEM VIANA DE JESUS                   RUA DAS TULIPAS, LOTE 4 A QUADRA 5      CIDADE DOS M25235040DUQUE DE CAXIASRJUNIAO UMB DOS CULTOS AFRO BRAS    30051810 000023
10231987175000168817800093673    000012588                    000125880000000000000109                     I0212588     30051800000000035003410000017N200218104700000000000103005180000000000000000000000000000000000000000100000000000227MARIA DAS GRACAS MORAIS SOARES          AVENIDA LEANDRO DA MOTA, 865            VILA SAO SEB25065175DUQUE DE CAXIASRJUNIAO UMB DOS CULTOS AFRO BRAS    30051810 000024
10231987175000168817800093673    000012560                    000125600000000000000109                     I0212560     30051800000000035003410000017N200218104700000000000103005180000000000000000000000000000000000000000200000000007562CONCHETA PERRONI DE SOUZA BRAN          RUA JUSTINO DE SOUSA N 76 CASA 4        SAO CRISTOVA21920030RIO DE JANEIRO RJUNIAO UMB DOS CULTOS AFRO BRAS    30051810 000025
10231987175000168817800093673    000012480                    000124800000000000000109                     I0212480     30051800000000035003410000017N200218104700000000000103005180000000000000000000000000000000000000000100003026317713RITA DE CASSIA VIEIRA SIMOES F          RUA: CABO SAULO DE VASCONCELOS          JARDIM PALMA23510001RIO DE JANEIRO RJUNIAO UMB DOS CULTOS AFRO BRAS    30051810 000026
10231987175000168817800093673    000012460                    000124600000000000000109                     I0212460     30051800000000035003410000017N200218104700000000000103005180000000000000000000000000000000000000000100000684105730MARIA DARLI BARBOSA                     RUA : DEPUTADO ULISSES GUIMARAES        BRISAMAR    23830000ITAGUAI        RJUNIAO UMB DOS CULTOS AFRO BRAS    30051810 000027
10231987175000168817800093673    000012424                    000124240000000000000109                     I0212424     30051800000000035003410000017N200218104700000000000103005180000000000000000000000000000000000000000100002477166778BEATRIZ MIRANDA ABRANCHES               RUA GRUCAI, 657                         PENHA - RJ  21020250RIO DE JANEIRO RJUNIAO UMB DOS CULTOS AFRO BRAS    30051810 000028
10231987175000168817800093673    000012316                    000123160000000000000109                     I3412316     30041800000000035003410000017N200218104700000000000103004180000000000000000000000000000000000000000100002331392730ANA MARIA DOS SANTOS VIEIRA             RUA OITO                                PARQUE ALVOR26053220NOVA IGUACU    RJUNIAO UMB DOS CULTOS AFRO BRAS    30041810 000029
10231987175000168817800093673    000012050                    000120500000000000000109                     I3412050     30041800000000035003410000017N200218104700000000000103004180000000000000000000000000000000000000000100000907912745JULIO CESAR FRANCA CORREA               RUA ITAPERUNA N 55                      VILA DE CAVA26056260NOVA IGUACU    RJUNIAO UMB DOS CULTOS AFRO BRAS    30041810 000030
10231987175000168817800093673    000011991                    000119910000000000000109                     I0211991     30041800000000035003410000017N200218104700000000000103004180000000000000000000000000000000000000000100003139923716ANDRE MARQUES POLICARPO                 RUA PIRACANJUBA  LOTE 11 QUADRA 209     JARDIM CATAR24716051SAO GONCALO    RJUNIAO UMB DOS CULTOS AFRO BRAS    30041810 000031
10231987175000168817800093673    000011959                    000119590000000000000109                     I0211959     30041800000000035003410000017N200218104700000000000103004180000000000000000000000000000000000000000100068661533791CARLOS RENNAN CORREIA BORGES            RUA AMERICA DOURADA, LOTE 8 QUADRA 34   CAMPO GRANDE23088240RIO DE JANEIRO RJUNIAO UMB DOS CULTOS AFRO BRAS    30041810 000032
10231987175000168817800093673    000011896                    000118960000000000000109                     I0211896     30041800000000035003410000017N200218104700000000000103004180000000000000000000000000000000000000000100007730416727ALESSANDRA REGINA DOS ANJOS             RUA: NEVES                              PARQUE TIETE25585380SAO JOAO DE MERRJUNIAO UMB DOS CULTOS AFRO BRAS    30041810 000033
10231987175000168817800093673    000011849                    000118490000000000000109                     I3411849     30041800000000035003410000017N200218104700000000000103004180000000000000000000000000000000000000000100037433288791VERA LUCIA COSTA MOACYR                 RUA JOANA KALIL, LOTE 6 QUADRA 51       JARDIM MERIT25555100SAO JOAO DE MERRJUNIAO UMB DOS CULTOS AFRO BRAS    30041810 000034
10231987175000168817800093673    000011785                    000117850000000000000109                     I0211785     30041800000000035003410000017N200218104700000000000103004180000000000000000000000000000000000000000100002478890755GRETGHEN LUIZ DE MELO                   RUA MANOEL GAMA, 198 A 1O ANDAR         VILA TIRADEN25525390SAO JOAO DE MERRJUNIAO UMB DOS CULTOS AFRO BRAS    30041810 000035
10231987175000168817800093673    000011739                    000117390000000000000109                     I0211739     30041800000000035003410000017N200218104700000000000103004180000000000000000000000000000000000000000100000292323760MAURICIO MANTELLI                       AVENIDA GETULIO VARGAS 2589             CENTRO - NIL26525012NILOPOLIS      RJUNIAO UMB DOS CULTOS AFRO BRAS    30041810 000036
10231987175000168817800093673    000011638                    000116380000000000000109                     I3411638     30041800000000035003410000017N200218104700000000000103004180000000000000000000000000000000000000000100073711616704SANDRA REGINA BESERRA SILVA             ESTRADA: CAMPO DA AREIA Nº 301 - PECHINJACAREPAGUA 22743311RIO DE JANEIRO RJUNIAO UMB DOS CULTOS AFRO BRAS    30041810 000037
10231987175000168817800093673    000011610                    000116100000000000000109                     I0211610     30041800000000035003410000017N200218104700000000000103004180000000000000000000000000000000000000000100053207823734HELENICE TEODORO DA SILVA CARV          O MESMO                                 O MESMO     23026010RIO DE JANEIRO RJUNIAO UMB DOS CULTOS AFRO BRAS    30041810 000038
10231987175000168817800093673    000011462                    000114620000000000000109                     I0211462     30041800000000035003410000017N200218104700000000000103004180000000000000000000000000000000000000000100008184015755ELIZABETH DE SOUZA                      RUA MERCURIO, 36 CASA 3 FUNDOS          SANTA TEREZI26553260MESQUITA       RJUNIAO UMB DOS CULTOS AFRO BRAS    30041810 000039
10231987175000168817800093673    000011316                    000113160000000000000109                     I3411316     30041800000000035003410000017N200218104700000000000103004180000000000000000000000000000000000000000100003661917100DUCILENE MADEIRA VIEIRA                 ALAMEDA CLAUDINHA N 20                  JARDIM NAZAR25915000MAGE           RJUNIAO UMB DOS CULTOS AFRO BRAS    30041810 000040
10231987175000168817800093673    000011304                    000113040000000000000109                     I0211304     30041800000000035003410000017N200218104700000000000103004180000000000000000000000000000000000000000100002175979717CLAUDIA PILAR PERES SANTOS DE           RUA JOAO MACIEIRA                       MADUREIRA   21310090RIO DE JANEIRO RJUNIAO UMB DOS CULTOS AFRO BRAS    30041810 000041
10231987175000168817800093673    000011237                    000112370000000000000109                     I0211237     30041800000000035003410000017N200218104700000000000103004180000000000000000000000000000000000000000100099025078753EVA DE OLIVEIRA LOPES                   ESTRADA SANTO ANTONIO Nº 8             CARTA ANISTI26455280RIO DE JANEIRO RJUNIAO UMB DOS CULTOS AFRO BRAS    30041810 000042
10231987175000168817800093673    000011174                    000111740000000000000109                     I3411174     30041800000000035003410000017N200218104700000000000103004180000000000000000000000000000000000000000100088677079734MARIA APARECIDA MORAIS DOS SAN          RUA OLAVO GAMA, TRAVESSA F - PROJETADA BGUARATIBA - 23040400SEROPEDICA     RJUNIAO UMB DOS CULTOS AFRO BRAS    30041810 000043
10231987175000168817800093673    000011060                    000110600000000000000109                     I0211060     30041800000000035003410000017N200218104700000000000103004180000000000000000000000000000000000000000100002065913738ROBSON DE FARIA TORRES                  RUA CAPITAO AROLDO LEITAO Nº 54 FUNDOS OLARIA - RJ 21071050RIO DE JANEIRO RJUNIAO UMB DOS CULTOS AFRO BRAS    30041810 000044
10231987175000168817800093673    000011010                    000110100000000000000109                     I0211010     30041800000000035003410000017N200218104700000000000103004180000000000000000000000000000000000000000100093151179720ELIZABETH DA SILVA GOIS                 RUA RAFAEL HAENNY, 2 LOTE 2 QUADRA 4    SEPETIBA - R23535640RIO DE JANEIRO RJUNIAO UMB DOS CULTOS AFRO BRAS    30041810 000045
10231987175000168817800093673    000010979                    000109790000000000000109                     I0210979     30041800000000035003410000017N200218104700000000000103004180000000000000000000000000000000000000000100000000000227MARIA DAS GRACAS MORAIS SOARES          AVENIDA LEANDRO DA MOTA, 865            VILA SAO SEB25065175DUQUE DE CAXIASRJUNIAO UMB DOS CULTOS AFRO BRAS    30041810 000046
10231987175000168817800093673    000010871                    000108710000000000000109                     I0210871     30041800000000035003410000017N200218104700000000000103004180000000000000000000000000000000000000000100003026317713RITA DE CASSIA VIEIRA SIMOES F          RUA: CABO SAULO DE VASCONCELOS          JARDIM PALMA23510001RIO DE JANEIRO RJUNIAO UMB DOS CULTOS AFRO BRAS    30041810 000047
10231987175000168817800093673    000010851                    000108510000000000000109                     I0210851     30041800000000035003410000017N200218104700000000000103004180000000000000000000000000000000000000000100000684105730MARIA DARLI BARBOSA                     RUA : DEPUTADO ULISSES GUIMARAES        BRISAMAR    23830000ITAGUAI        RJUNIAO UMB DOS CULTOS AFRO BRAS    30041810 000048
10231987175000168817800093673    000010815                    000108150000000000000109                     I0210815     30041800000000035003410000017N200218104700000000000103004180000000000000000000000000000000000000000100002477166778BEATRIZ MIRANDA ABRANCHES               RUA GRUCAI, 657                         PENHA - RJ  21020250RIO DE JANEIRO RJUNIAO UMB DOS CULTOS AFRO BRAS    30041810 000049
9                                                                                                                                                                                                                                                                                                                                                                                                         000050
