01REMESSA01COBRANCA       916200163100        União Umb dos Cultos Afro Bra341BANCO ITAU SA  260419                                                                                                                                                                                                                                                                                                      000001
10231987175000168916200163100    000045149                    000451490000000000000109                     I0145149     31051900000000300003410000017N260419105700000000000103105190000000000000000000000000000000000000000100001610127790RINALDO JOSELITO DOS SANTOS             RUA RENASCERN 155,                      PARAISO     26297162NOVA IGUACU    RJUNIAO UMB DOS CULTOS AFRO BRAS    31051915 000002
10231987175000168916200163100    000045148                    000451480000000000000109                     I0145148     31051900000000300003410000017N260419105700000000000103105190000000000000000000000000000000000000000100007798045708LEEUWENHOCK MENDONCA DE MELO            RUA DEBORAN 34,                         GRAMACHO    25040160DUQUE DE CAXIASRJUNIAO UMB DOS CULTOS AFRO BRAS    31051915 000003
10231987175000168916200163100    000045147                    000451470000000000000109                     I0145147     31051900000000300003410000017N260419105700000000000103105190000000000000000000000000000000000000000100039021313812ANDRE VALENTE FRANCO                    RUA: FRAGARIA ROSEAN 399,               PIRITUBA    02945080SAO PAULO      SPUNIAO UMB DOS CULTOS AFRO BRAS    31051915 000004
10231987175000168916200163100    000045146                    000451460000000000000109                     I0145146     31051900000000300003410000017N260419105700000000000103105190000000000000000000000000000000000000000100089572220730SIMONE DA SILVA SANT ANA                RUA: AMALIAN 200,                       SEPETIBA    23535050RIO DE JANEIRO RJUNIAO UMB DOS CULTOS AFRO BRAS    31051915 000005
10231987175000168916200163100    000045145                    000451450000000000000109                     I0145145     31051900000000300003410000017N260419105700000000000103105190000000000000000000000000000000000000000100002674910771ANA BEATRIZ TAVARES                     RUA BROMELIAS N 59 N 59, CONDOMINIO VALEVILA HELENA 27120335BARRA DO PIRAI RJUNIAO UMB DOS CULTOS AFRO BRAS    31051915 000006
10231987175000168916200163100    000045144                    000451440000000000000109                     I0145144     31051900000000300003410000017N260419105700000000000103105190000000000000000000000000000000000000000100000000001292ROMULO PATRICK BAPTISTA CALHEI          RUA: MARIA DE LOURDES CARDOSO N 0,      DA LUZ      26275440NOVA IGUACU    RJUNIAO UMB DOS CULTOS AFRO BRAS    31051915 000007
10231987175000168916200163100    000045143                    000451430000000000000109                     I0145143     31051900000000300003410000017N260419105700000000000103105190000000000000000000000000000000000000000100033498636391FRANCISCO ANTONIO GONCALVES DE          RUA: QUINTA TRAVESSA DA PEDREIRA N 184, TESO DURO   65603643CAXIAS         MAUNIAO UMB DOS CULTOS AFRO BRAS    31051915 000008
10231987175000168916200163100    000045142                    000451420000000000000109                     I0145142     31051900000000300003410000017N260419105700000000000103105190000000000000000000000000000000000000000100010539713700DANIELE MARQUES DE MELO                 RUA CAROLINA NUNESN 0, LOTE 3 CASA 2    SAO MATEUS  25520700SAO JOAO DE MERRJUNIAO UMB DOS CULTOS AFRO BRAS    31051915 000009
10231987175000168916200163100    000045141                    000451410000000000000109                     I0145141     31051900000000300003410000017N260419105700000000000103105190000000000000000000000000000000000000000100093571232704ROBISON DE OLIVEIRA PINTO               RUA JORNALISTA PAULO REDER N 335, CASA 1SANTA CRUZ  23220245RIO DE JANEIRO RJUNIAO UMB DOS CULTOS AFRO BRAS    31051915 000010
10231987175000168916200163100    000045140                    000451400000000000000109                     I0145140     31051900000000300003410000017N260419105700000000000103105190000000000000000000000000000000000000000100077464087291JOSIAS KENNEDY ROCHA DA SILVA           ESTRADA DO MATADOURON 52, CASA 5        CAMPINA DE I66813640BELEM          PAUNIAO UMB DOS CULTOS AFRO BRAS    31051915 000011
10231987175000168916200163100    000045139                    000451390000000000000109                     I0145139     31051900000000300003410000017N260419105700000000000103105190000000000000000000000000000000000000000100007886532104VICTOR HUGO ALVES DE OLIVEIRA           RUA SANTA ELVIRAN 754,                  JARDIM ALTO 79116141CAMPO GRANDE   MSUNIAO UMB DOS CULTOS AFRO BRAS    31051915 000012
10231987175000168916200163100    000045138                    000451380000000000000109                     I0145138     31051900000000300003410000017N260419105700000000000103105190000000000000000000000000000000000000000100007860111730RENATA SEIBEL MELO                      RUA CURUPAITIN 388,                     ENGENHO DE D20735320RIO DE JANEIRO RJUNIAO UMB DOS CULTOS AFRO BRAS    31051915 000013
10231987175000168916200163100    000045137                    000451370000000000000109                     I0145137     31051900000000300003410000017N260419105700000000000103105190000000000000000000000000000000000000000100013387124708WAGNER DIAS DA SILVA                    AVENIDA DA GLORIAN 0,  LOTE 17 B QUADRA NOVA AURORA 26155120BELFORD ROXO   RJUNIAO UMB DOS CULTOS AFRO BRAS    31051915 000014
10231987175000168916200163100    000045136                    000451360000000000000109                     I0145136     31051900000000300003410000017N260419105700000000000103105190000000000000000000000000000000000000000100003688384474MANOEL REGIANO DUARTE DA SILVA          RUA: HONORIO DE LIMA N 0,               BREJO DOS SA58880000NOVA OLINDA    PRUNIAO UMB DOS CULTOS AFRO BRAS    31051915 000015
10231987175000168916200163100    000045135                    000451350000000000000109                     I0145135     31051900000000300003410000017N260419105700000000000103105190000000000000000000000000000000000000000100008993844712GUILHERME PACHECO SALGADO - BA          RUA: DOUTOR PAULO HERVE N 733,  LOTE 3  BINGEN      25665510PETROPOLIS     RJUNIAO UMB DOS CULTOS AFRO BRAS    31051915 000016
10231987175000168916200163100    000045134                    000451340000000000000109                     I0145134     31051900000000300003410000017N260419105700000000000103105190000000000000000000000000000000000000000100089559094715ANA LUCIA HOLANDA S. DA SILVA           RUA: VEREADOR PEREIRA NETO N 0,  LOTE 10SANTO ANTONI20000000ITABORAI       RJUNIAO UMB DOS CULTOS AFRO BRAS    31051915 000017
10231987175000168916200163100    000045133                    000451330000000000000109                     I0145133     31051900000000300003410000017N260419105700000000000103105190000000000000000000000000000000000000000100001392458714MARIA MADALENA SILVA DA CONCEI          RUA ELANDRO DA MOTA N 0, LOTE 12 QUADRA PRIMAVERA   25000000DUQUE DE CAXIASRJUNIAO UMB DOS CULTOS AFRO BRAS    31051915 000018
10231987175000168916200163100    000045132                    000451320000000000000109                     I0145132     31051900000000300003410000017N260419105700000000000103105190000000000000000000000000000000000000000100004154606773EDSON CORREIA DA SILVA                  RUA: OLINDA N 0,                        SARACURUNA  25220150DUQUE DE CAXIASRJUNIAO UMB DOS CULTOS AFRO BRAS    31051915 000019
10231987175000168916200163100    000045131                    000451310000000000000109                     I0145131     30051900000000300003410000017N260419105700000000000103005190000000000000000000000000000000000000000100012133487861GLEYDSON JOSE PEREIRA DA SILVA          RUA: PALMEIRINHA N 34, B                ARTHUR LUNDG53416600PAULISTA       PEUNIAO UMB DOS CULTOS AFRO BRAS    30051915 000020
10231987175000168916200163100    000045130                    000451300000000000000109                     I0145130     30051900000000300003410000017N260419105700000000000103005190000000000000000000000000000000000000000100001356022383ELCIO CADETE SILVA                      TRAVESSA: SAO JOSE N 2,                 SAO BENEDITO65268000CURURUPU       MAUNIAO UMB DOS CULTOS AFRO BRAS    30051915 000021
10231987175000168916200163100    000045129                    000451290000000000000109                     I0145129     30051900000000300003410000017N260419105700000000000103005190000000000000000000000000000000000000000100018511346899ERICA PASTORINO RIBEIRO                 RUA: ERNESTO AUGUSTO CLETO N 473,       RUDGE RAMOS 09619100SAO BERNARDO DOSPUNIAO UMB DOS CULTOS AFRO BRAS    30051915 000022
10231987175000168916200163100    000045128                    000451280000000000000109                     I0145128     30051900000000300003410000017N260419105700000000000103005190000000000000000000000000000000000000000100016389969708HIAGO VIEIRA DA SILVA                   RUA SILAS GASPARN 176,                  BNH         28860000CASIMIRO DE ABRRJUNIAO UMB DOS CULTOS AFRO BRAS    30051915 000023
10231987175000168916200163100    000045127                    000451270000000000000109                     I0145127     30051900000000300003410000017N260419105700000000000103005190000000000000000000000000000000000000000100065779894787GILMAR JORGE BORSATO                    RUA: DIOGENES PADILHARON 106, BLOCO 9 APCENTRO      25807010TRES RIOS      RJUNIAO UMB DOS CULTOS AFRO BRAS    30051915 000024
10231987175000168916200163100    000045126                    000451260000000000000109                     I0145126     30051900000000300003410000017N260419105700000000000103005190000000000000000000000000000000000000000100016185111730LUCAS FABIANO SANTOS FEIJO              RUA ANTONIO SCHIAVON 251,               CENTRO DE JA26443030JAPERI         RJUNIAO UMB DOS CULTOS AFRO BRAS    30051915 000025
10231987175000168916200163100    000045125                    000451250000000000000109                     I0145125     30051900000000700003410000017N260419105700000000000103005190000000000000000000000000000000000000000100022293762840RODRIGO GONCALVES MOREIRA               RUA JOAQUIM LAVESN 0, QUADRA 60 LOTE 3  REALENGO    21760500RIO DE JANEIRO RJUNIAO UMB DOS CULTOS AFRO BRAS    30051915 000026
10231987175000168916200163100    000045124                    000451240000000000000109                     I0145124     30041900000000040003410000017N260419105700000000000103004190000000000000000000000000000000000000000100092952364753ROSANGELA SILVA SOUZA                   RUA TAMOIOSN 144, FUNDOS                CENTRO      26520250NILOPOLIS      RJUNIAO UMB DOS CULTOS AFRO BRAS    30041915 000027
10231987175000168916200163100    000045123                    000451230000000000000109                     I0145123     30061900000000040003410000017N260419105700000000000103006190000000000000000000000000000000000000000100001083072714MARCELO CORREIA                         RUA CONDE DE BONFIMN 221, APTº 301     TIJUCA      20520054RIO DE JANEIRO RJUNIAO UMB DOS CULTOS AFRO BRAS    30061915 000028
10231987175000168916200163100    000045122                    000451220000000000000109                     I0145122     30051900000000040003410000017N260419105700000000000103005190000000000000000000000000000000000000000100001083072714MARCELO CORREIA                         RUA CONDE DE BONFIMN 221, APTº 301     TIJUCA      20520054RIO DE JANEIRO RJUNIAO UMB DOS CULTOS AFRO BRAS    30051915 000029
10231987175000168916200163100    000045121                    000451210000000000000109                     I0145121     30041900000000400003410000017N260419105700000000000103004190000000000000000000000000000000000000000100007955134702SOLANGE LAPOENTE PORTO                  ESTRADA DE INHOAIBA N 26,               CAMPO GRANDE23083010RIO DE JANEIRO RJUNIAO UMB DOS CULTOS AFRO BRAS    30041915 000030
10231987175000168916200163100    000045120                    000451200000000000000109                     I0145120     30061900000000040003410000017N260419105700000000000103006190000000000000000000000000000000000000000100008271397729ELIZABETH GANTERT DA ROCHA GUI          RUA ADRIANAN 204,                       VAL VERDE - 26351140NOVA IGUACU    RJUNIAO UMB DOS CULTOS AFRO BRAS    30061915 000031
10231987175000168916200163100    000045119                    000451190000000000000109                     I0145119     31051900000000040003410000017N260419105700000000000103105190000000000000000000000000000000000000000100008271397729ELIZABETH GANTERT DA ROCHA GUI          RUA ADRIANAN 204,                       VAL VERDE - 26351140NOVA IGUACU    RJUNIAO UMB DOS CULTOS AFRO BRAS    31051915 000032
10231987175000168916200163100    000045118                    000451180000000000000109                     I0145118     30041900000000040003410000017N260419105700000000000103004190000000000000000000000000000000000000000100008271397729ELIZABETH GANTERT DA ROCHA GUI          RUA ADRIANAN 204,                       VAL VERDE - 26351140NOVA IGUACU    RJUNIAO UMB DOS CULTOS AFRO BRAS    30041915 000033
10231987175000168916200163100    000044417                    000444170000000000000109                     I0244417     30061900000000040003410000017N130319105700000000000103006190000000000000000000000000000000000000000100037497030787LINDINALVA AGUIAR PAVANELLI             RUA CRUZ LIMA  N 41, APT 801            FLAMENGO    22230010RIO DE JANEIRO RJUNIAO UMB DOS CULTOS AFRO BRAS    30061915 000034
10231987175000168916200163100    000043519                    000435190000000000000109                     I0243519     30061900000000040003410000017N130319105700000000000103006190000000000000000000000000000000000000000100008271397729ELIZABETH GANTERT DA ROCHA GUI          RUA ADRIANAN 204,                       VAL VERDE - 26351140NOVA IGUACU    RJUNIAO UMB DOS CULTOS AFRO BRAS    30061915 000035
10231987175000168916200163100    000042768                    000427680000000000000109                     I0242768     30051900000000040003410000017N130319105700000000000103005190000000000000000000000000000000000000000100037497030787LINDINALVA AGUIAR PAVANELLI             RUA CRUZ LIMA  N 41, APT 801            FLAMENGO    22230010RIO DE JANEIRO RJUNIAO UMB DOS CULTOS AFRO BRAS    30051915 000036
10231987175000168916200163100    000041875                    000418750000000000000109                     I0241875     30051900000000040003410000017N130319105700000000000103005190000000000000000000000000000000000000000100008271397729ELIZABETH GANTERT DA ROCHA GUI          RUA ADRIANAN 204,                       VAL VERDE - 26351140NOVA IGUACU    RJUNIAO UMB DOS CULTOS AFRO BRAS    30051915 000037
10231987175000168916200163100    000041129                    000411290000000000000109                     I0241129     30041900000000040003410000017N120319105700000000000103004190000000000000000000000000000000000000000100037497030787LINDINALVA AGUIAR PAVANELLI             RUA CRUZ LIMA  N 41, APT 801            FLAMENGO    22230010RIO DE JANEIRO RJUNIAO UMB DOS CULTOS AFRO BRAS    30041915 000038
10231987175000168916200163100    000040242                    000402420000000000000109                     I0240242     30041900000000040003410000017N120319105700000000000103004190000000000000000000000000000000000000000100008271397729ELIZABETH GANTERT DA ROCHA GUI          RUA ADRIANAN 204,                       VAL VERDE - 26351140NOVA IGUACU    RJUNIAO UMB DOS CULTOS AFRO BRAS    30041915 000039
9                                                                                                                                                                                                                                                                                                                                                                                                         000040
