01REMESSA01COBRANCA       817800093673        União Umb dos Cultos Afro Bra341BANCO ITAU SA  190219                                                                                                                                                                                                                                                                                                      000001
10231987175000168817800093673    000034822                    000348220000000000000109                     I0234822     31011900000000040003410000017N261218104700000000000103101190000000000000000000000000000000000000000100016985553770SILVANA MARIA DOS SANTOS                RUA: HILTON GADRET N 140, BLOCO 2 APT 10IRAJA       21235830RIO DE JANEIRO RJUNIAO UMB DOS CULTOS AFRO BRAS    31011910 000002
10231987175000168817800093673    000034821                    000348210000000000000109                     I0234821     31011900000000040003410000017N261218104700000000000103101190000000000000000000000000000000000000000100064775640763TANIA CORREA LEITE                      RUA: DOUTOR LUIS GAUDIE LEY N 99,       PENHA       21070100RIO DE JANEIRO RJUNIAO UMB DOS CULTOS AFRO BRAS    31011910 000003
10231987175000168817800093673    000034820                    000348200000000000000109                     I0234820     31011900000000040003410000017N261218104700000000000103101190000000000000000000000000000000000000000100090468414720MARCOS MELLO TERRA                      RUA: DONA EMILIA N 10, LOTE 8 QUADRA 12 PIABETA     25915000MAGE           RJUNIAO UMB DOS CULTOS AFRO BRAS    31011910 000004
10231987175000168817800093673    000034819                    000348190000000000000109                     I0234819     31011900000000040003410000017N261218104700000000000103101190000000000000000000000000000000000000000100007986589752LEANDRO DOS SANTOS RODRIGUES            AVENIDA GASPAR DE LEMOS N 13,           GUARATIBA   23020230RIO DE JANEIRO RJUNIAO UMB DOS CULTOS AFRO BRAS    31011910 000005
10231987175000168817800093673    000034818                    000348180000000000000109                     I0234818     31011900000000040003410000017N261218104700000000000103101190000000000000000000000000000000000000000100001868270750CARLOS ALBERTO DO NASCIMENTO L          RUA: GUARABUN 70,                       INHAUMA     20761060RIO DE JANEIRO RJUNIAO UMB DOS CULTOS AFRO BRAS    31011910 000006
10231987175000168817800093673    000034817                    000348170000000000000109                     I0234817     31011900000000040003410000017N261218104700000000000103101190000000000000000000000000000000000000000100096933836720CELIA GOMES DE OLIVEIRA FALCAO          RUA CONDOMINIO 1º DE MAION 227, B      MADAME MACHA23740020PETROPOLIS     RJUNIAO UMB DOS CULTOS AFRO BRAS    31011910 000007
10231987175000168817800093673    000034569                    000345690000000000000109                     I0234569     31011900000000040003410000017N261218104700000000000103101190000000000000000000000000000000000000000100002387294785ANDREA CONDOR GUIMARAES PINHEI          RUA SEBASTIAO DE SOUZA GOUVEAN 41,      IRAJA       21235410RIO DE JANEIRO RJUNIAO UMB DOS CULTOS AFRO BRAS    31011910 000008
10231987175000168817800093673    000034568                    000345680000000000000109                     I0234568     31011900000000040003410000017N261218104700000000000103101190000000000000000000000000000000000000000100002381411798MARIA RISONETE DE OLIVEIRA SOA          ESTRADA DA COIVARA N 224, CHACARA ARCAMPVILA MARIA H25251090DUQUE DE CAXIASRJUNIAO UMB DOS CULTOS AFRO BRAS    31011910 000009
10231987175000168817800093673    000034566                    000345660000000000000109                     I0234566     31011900000000040003410000017N261218104700000000000103101190000000000000000000000000000000000000000100090789407787ANA CLAUDIA DOS SANTOS TITO             RUA SOLDADO ANELIO DA LUZN 535, CASA 1  PEDRA DE GUA23025210RIO DE JANEIRO RJUNIAO UMB DOS CULTOS AFRO BRAS    31011910 000010
10231987175000168817800093673    000034564                    000345640000000000000109                     I0234564     31011900000000040003410000017N261218104700000000000103101190000000000000000000000000000000000000000100068863292787MARIA JOSE DA SILVA                     RUA LAVOISIER N 0,  LOTE 7 QUADRA 121   PARQUE PAULI25261390DUQUE DE CAXIASRJUNIAO UMB DOS CULTOS AFRO BRAS    31011910 000011
10231987175000168817800093673    000034563                    000345630000000000000109                     I0234563     31011900000000040003410000017N261218104700000000000103101190000000000000000000000000000000000000000100000916014797ANGELA DA SILVA RIBEIRO                 TRAVESSA CARLOS SAMPAION 28,            VILA ZENITE 26088040NOVA IGUACU    RJUNIAO UMB DOS CULTOS AFRO BRAS    31011910 000012
10231987175000168817800093673    000034561                    000345610000000000000109                     I0234561     31011900000000040003410000017N261218104700000000000103101190000000000000000000000000000000000000000100000596984707MARGARETH WAMBURG DE SIQUEIRA           RUA: SAO FRANCISCO XAVIERN 953,         SAO FRANCISC20550011RIO DE JANEIRO RJUNIAO UMB DOS CULTOS AFRO BRAS    31011910 000013
10231987175000168817800093673    000034560                    000345600000000000000109                     I0234560     31011900000000040003410000017N261218104700000000000103101190000000000000000000000000000000000000000100049007050710AMAURI PAULO RAMOS                      RUA: SOMBREIROSN 361,                   SANTA RITA  26050830NOVA IGUACU    RJUNIAO UMB DOS CULTOS AFRO BRAS    31011910 000014
10231987175000168817800093673    000034315                    000343150000000000000109                     I0234315     31011900000000040003410000017N261218104700000000000103101190000000000000000000000000000000000000000100000497528711JOSE WAGNER DOS SANTOS                  RUA: ZILDA SILVARES N 0, QUADRA D 296 LOVISTA ALEGRE24722200SAO GONCALO    RJUNIAO UMB DOS CULTOS AFRO BRAS    31011910 000015
10231987175000168817800093673    000034311                    000343110000000000000109                     I0234311     31011900000000040003410000017N261218104700000000000103101190000000000000000000000000000000000000000100085725730700MARIA LUCIA DA SILVA BORGES             RUA CACIPOREN 1273,                     JARDIM OLAVO25036040DUQUE DE CAXIASRJUNIAO UMB DOS CULTOS AFRO BRAS    31011910 000016
10231987175000168817800093673    000034310                    000343100000000000000109                     I0234310     31011900000000040003410000017N261218104700000000000103101190000000000000000000000000000000000000000100002248004770ROSANE ALVES DE AZEVEDO                 AVENIDA W N 14, LOTE 180 CASA 1         LAGOMAR     27970130MACAE          RJUNIAO UMB DOS CULTOS AFRO BRAS    31011910 000017
10231987175000168817800093673    000034309                    000343090000000000000109                     I0234309     31011900000000040003410000017N261218104700000000000103101190000000000000000000000000000000000000000100011778537790MARIVONE ANTONIA DOS SANTOS             RUA TOMAS FONSECAN 1237,                COMENDADOR S26031512NOVA IGUACU    RJUNIAO UMB DOS CULTOS AFRO BRAS    31011910 000018
10231987175000168817800093673    000034308                    000343080000000000000109                     I0234308     31011900000000040003410000017N261218104700000000000103101190000000000000000000000000000000000000000100000238705757ANGELA DA MOTTA NUNES SILVA             RUA RIACHO DOCEN 125, CASA 28           OSVALDO CRUZ21340340RIO DE JANEIRO RJUNIAO UMB DOS CULTOS AFRO BRAS    31011910 000019
10231987175000168817800093673    000034307                    000343070000000000000109                     I0234307     31011900000000040003410000017N261218104700000000000103101190000000000000000000000000000000000000000100045910383787PAULO ROBERTO DE OLIVEIRA DRUB          RUA ARGEMIRO DE HUNGRIA MACHADON 195,   GUADALUPE   21670290RIO DE JANEIRO RJUNIAO UMB DOS CULTOS AFRO BRAS    31011910 000020
10231987175000168817800093673    000034306                    000343060000000000000109                     I0234306     31011900000000040003410000017N261218104700000000000103101190000000000000000000000000000000000000000100009295304705GEORGE ALBERTO GONZAGA DOS SAN          RUA: GUARABUN 390, FUNDOS               INHAUMA     20761060RIO DE JANEIRO RJUNIAO UMB DOS CULTOS AFRO BRAS    31011910 000021
10231987175000168817800093673    000034060                    000340600000000000000109                     I0234060     31011900000000040003410000017N261218104700000000000103101190000000000000000000000000000000000000000100006993931753MARCOS ANTONIO AYROZA DE OLIVE          RUA ALTO PARNAIBAN 698,                 ARNALDO EUGE23015210CAMPO GRANDE   RJUNIAO UMB DOS CULTOS AFRO BRAS    31011910 000022
10231987175000168817800093673    000034059                    000340590000000000000109                     I0234059     31011900000000040003410000017N261218104700000000000103101190000000000000000000000000000000000000000100003125944708ROGERIO GOMES DA SILVA                  RUA ALMIRANTE FIGUEIREDON 118, APT 5 NºFREGUESIA   21911150RIO DE JANEIRO RJUNIAO UMB DOS CULTOS AFRO BRAS    31011910 000023
10231987175000168817800093673    000034058                    000340580000000000000109                     I0234058     31011900000000040003410000017N261218104700000000000103101190000000000000000000000000000000000000000100066334012720ROBERTO LUIZ POMBO DA SILVA             RUA MAIA LACERDAN 244, APTº 402        ESTACIO     20250000RIO DE JANEIRO RJUNIAO UMB DOS CULTOS AFRO BRAS    31011910 000024
10231987175000168817800093673    000034056                    000340560000000000000109                     I0234056     31011900000000040003410000017N261218104700000000000103101190000000000000000000000000000000000000000100004252372739BARBARA CRISTINA BATISTA DOS S          RUA JAVAN 136, ESTRADA RIO SAO PAULO KM BOM JESUS   26352090NOVA IGUACU    RJUNIAO UMB DOS CULTOS AFRO BRAS    31011910 000025
10231987175000168817800093673    000034054                    000340540000000000000109                     I0234054     31011900000000040003410000017N261218104700000000000103101190000000000000000000000000000000000000000100000000000000MARIA FERNANDA NUNES FORTUNATO          RUA RICARDO CAMPELON 123, CASA 2        CAMARAO     24436790SAO GONCALO    RJUNIAO UMB DOS CULTOS AFRO BRAS    31011910 000026
10231987175000168817800093673    000034053                    000340530000000000000109                     I0234053     31011900000000040003410000017N261218104700000000000103101190000000000000000000000000000000000000000100088407721700CELSO DE OLIVEIRA ALBUQUERQUE           RUA ANHANGUERA N 0,  LOTE 50 QUADRA 11  SAO BERNARDO26160660BELFORD ROXO   RJUNIAO UMB DOS CULTOS AFRO BRAS    31011910 000027
10231987175000168817800093673    000034052                    000340520000000000000109                     I0234052     31011900000000040003410000017N261218104700000000000103101190000000000000000000000000000000000000000100001559752777CLAUDIA DA SILVA FERREIRA ANTO          RUA SAO JOAO N 89,                      COSMOS      23060720RIO DE JANEIRO RJUNIAO UMB DOS CULTOS AFRO BRAS    31011910 000028
10231987175000168817800093673    000034048                    000340480000000000000109                     I0234048     31011900000000040003410000017N261218104700000000000103101190000000000000000000000000000000000000000100018338577715MARILDA ALVES DE ALMEIDA                RUA BORBOREMA N 37,                     MADUREIRA   21360150RIO DE JANEIRO RJUNIAO UMB DOS CULTOS AFRO BRAS    31011910 000029
10231987175000168817800093673    000033804                    000338040000000000000109                     I0233804     31011900000000040003410000017N261218104700000000000103101190000000000000000000000000000000000000000100051398060704ELIZABETH MONTEIRO MOREIRA DA           RUA IBITINGAN 0, LOTE 1 QUADRA 3        PARQUE SAO B26167160BELFORD ROXO   RJUNIAO UMB DOS CULTOS AFRO BRAS    31011910 000030
10231987175000168817800093673    000033800                    000338000000000000000109                     I0233800     31011900000000040003410000017N261218104700000000000103101190000000000000000000000000000000000000000100084244224734JORGE MARCELO TINTEL                    RUA ANTONIO BRAGA FILHO N 160,          SEPETIBA    23530220RIO DE JANEIRO RJUNIAO UMB DOS CULTOS AFRO BRAS    31011910 000031
10231987175000168817800093673    000033798                    000337980000000000000109                     I0233798     31011900000000040003410000017N261218104700000000000103101190000000000000000000000000000000000000000100080887376720JULIA MARIA DA CONCEICAO                RUA ELIZETE DA SILVA TARGINO N 0, LOTE 6BRISAMAR    23823290ITAGUAI        RJUNIAO UMB DOS CULTOS AFRO BRAS    31011910 000032
10231987175000168817800093673    000033796                    000337960000000000000109                     I0233796     31011900000000040003410000017N261218104700000000000103101190000000000000000000000000000000000000000100083326952791JOSELITA BATISTA DE OLIVEIRA            RUA: ELIZETE DA SILVA TAGINO N 14, QUADRBRISAMAR    23823290ITAGUAI        RJUNIAO UMB DOS CULTOS AFRO BRAS    31011910 000033
10231987175000168817800093673    000033794                    000337940000000000000109                     I0233794     31011900000000040003410000017N261218104700000000000103101190000000000000000000000000000000000000000100000000000656GINO ZACARIAS DE JESUS                  RUA NOVEN 2, VILA GENI                  VILA GENI   23830010ITAGUAI        RJUNIAO UMB DOS CULTOS AFRO BRAS    31011910 000034
10231987175000168817800093673    000033793                    000337930000000000000109                     I0233793     31011900000000040003410000017N261218104700000000000103101190000000000000000000000000000000000000000100002538800765ENIR PIMENTEL DE MOURA                  RUA MARICAN 56, FUNDOS                  CAMPINHO    21320070RIO DE JANEIRO RJUNIAO UMB DOS CULTOS AFRO BRAS    31011910 000035
10231987175000168817800093673    000033611                    000336110000000000000109                     I0233611     20011900000000350003410000017N181218104700000000000102001190000000000000000000000000000000000000000100002046332733CLAUDIONIRA DA SILVA CORREIA            RUA LUIZ CAMERANO N 640, CASA 2         BELVEDERE DA27113260BARRA DO PIRAI RJUNIAO UMB DOS CULTOS AFRO BRAS    20011910 000036
10231987175000168817800093673    000033581                    000335810000000000000109                     I0233581     20121800000000350003410000017N141218104700000000000102012180000000000000000000000000000000000000000100010663891795SONIA CRISTINA RODRIGUES FONTO          RUA FRANCISCO BUARQUEN 0, LOTES 13 E 14 JARDIM GUAPI25943377GUAPIMIRIM     RJUNIAO UMB DOS CULTOS AFRO BRAS    20121810 000037
10231987175000168817800093673    000033580                    000335800000000000000109                     I0233580     20121800000000070003410000017N141218104700000000000102012180000000000000000000000000000000000000000100004550883731LINDINALVA MONTEIRO DA SILVA            RUA TENENTE PALESTRINA N 135,           CORDOVIL    21250550RIO DE JANEIRO RJUNIAO UMB DOS CULTOS AFRO BRAS    20121810 000038
10231987175000168817800093673    000033577                    000335770000000000000109                     I0233577     30011900000000040003410000017N141218104700000000000103001190000000000000000000000000000000000000000100002180337701SONIA MARIA DE SOUZA CORDOVIL           RUA: GODOFREDO VIANAN 229, CASA 5       TAQUARA     22730020RIO DE JANEIRO RJUNIAO UMB DOS CULTOS AFRO BRAS    30011910 000039
10231987175000168817800093673    000033576                    000335760000000000000109                     I0233576     24121800000000350003410000017N141218104700000000000102412180000000000000000000000000000000000000000100057182167700MARIA IZABEL                            RUA IPITANGASN 188,                     RIO DE JANEI24890000TANGUA         RJUNIAO UMB DOS CULTOS AFRO BRAS    24121810 000040
10231987175000168817800093673    000033574                    000335740000000000000109                     I0233574     10011900000000350003410000017N141218104700000000000101001190000000000000000000000000000000000000000100058435000710EDNA THOME                              AVENIDA: BORGES CARNEIRO N 0, QUADRA 14 PARQUE MODER25223460DUQUE DE CAXIASRJUNIAO UMB DOS CULTOS AFRO BRAS    10011910 000041
10231987175000168817800093673    000033566                    000335660000000000000109                     I0233566     10011900000000350003410000017N131218104700000000000101001190000000000000000000000000000000000000000100039233219704SEVERINO DA SILVA BARBOSA               RUA ENGENHEIRO BERNARDO SAIAO N 26, QUADCOELHO DA RO25550810SAO JOAO DE MERRJUNIAO UMB DOS CULTOS AFRO BRAS    10011910 000042
10231987175000168817800093673    000033564                    000335640000000000000109                     I0233564     10011900000000350003410000017N131218104700000000000101001190000000000000000000000000000000000000000100004281232796CARLA VEIGA DE FREITAS ROSA             RUA FOMENTON 10, TRAVESSA B             SANTA CRUZ  23555063RIO DE JANEIRO RJUNIAO UMB DOS CULTOS AFRO BRAS    10011910 000043
10231987175000168817800093673    000033559                    000335590000000000000109                     I0233559     20011900000000330003410000017N121218104700000000000102001190000000000000000000000000000000000000000100007802202779ROBERTO DE OLIVEIRA ALONSO NET          RUA SARAPUIN 104,                       SANTA TEREZI26585640MESQUITA       RJUNIAO UMB DOS CULTOS AFRO BRAS    20011910 000044
10231987175000168817800093673    000033522                    000335220000000000000109                     I0233522     07011900000000350003410000017N041218104700000000000100701190000000000000000000000000000000000000000100000000008400DANIEL DOMINGOS DA SILVA                RUA: CAMINHO MADEIRA N 87,              MANGUEIRA   26270470NOVA IGUACU    RJUNIAO UMB DOS CULTOS AFRO BRAS    07011910 000045
10231987175000168817800093673    000033521                    000335210000000000000109                     I0233521     30121800000000350003410000017N041218104700000000000103012180000000000000000000000000000000000000000100099363704734SUELY FERNANDES LAPAS OLIVEIRA          RUA SARUTAIAN 0, LOTE 37                GUARATIBA   21250450RIO DE JANEIRO RJUNIAO UMB DOS CULTOS AFRO BRAS    30121810 000046
10231987175000168817800093673    000033520                    000335200000000000000109                     I0233520     20121800000000350003410000017N041218104700000000000102012180000000000000000000000000000000000000000100049175920700WANDA ALVES DE LIMA LEAL                RUA: PORTO RICO N 254,                  VIGARIO GERA21241200RIO DE JANEIRO RJUNIAO UMB DOS CULTOS AFRO BRAS    20121810 000047
10231987175000168817800093673    000033517                    000335170000000000000109                     I0233517     05011900000000350003410000017N031218104700000000000100501190000000000000000000000000000000000000000100031672582768IVANIA MOURA DE PAIVA                   ESTRADA: DA GROTA FUNDA N 2500,         JACAREPAGUA 22785330RIO DE JANEIRO RJUNIAO UMB DOS CULTOS AFRO BRAS    05011910 000048
10231987175000168817800093673    000033516                    000335160000000000000109                     I0233516     20121800000000480003410000017N031218104700000000000102012180000000000000000000000000000000000000000100011643192728LUCIA FERNANDA DA SILVEIRA              RUA PETROPOLIS N 56,                    VILA DE CAVA26052200NOVA IGUACU    RJUNIAO UMB DOS CULTOS AFRO BRAS    20121810 000049
10231987175000168817800093673    000033515                    000335150000000000000109                     I0233515     20121800000000040003410000017N031218104700000000000102012180000000000000000000000000000000000000000100011643192728LUCIA FERNANDA DA SILVEIRA              RUA PETROPOLIS N 56,                    VILA DE CAVA26052200NOVA IGUACU    RJUNIAO UMB DOS CULTOS AFRO BRAS    20121810 000050
9                                                                                                                                                                                                                                                                                                                                                                                                         000051
