01REMESSA01COBRANCA       817800093673        União Umb dos Cultos Afro Bra341BANCO ITAU SA  110118                                                                                                                                                                                                                                                                                                      000001
10231987175000168817800093673    00007997                     000079970000000000000109                     I017997      28021800000000035003410000017N291217050900000000000102802180000000000000000000000000000000000000000100082335400720PAULO FONSECA DA SILVA                  RUA ANDALUZIA N 431 FUNDOS              BENTO RIBEIR21555100RIO DE JANEIRO RJUNIAO UMB DOS CULTOS AFRO BRAS    28021810 000002
10231987175000168817800093673    00007967                     000079670000000000000109                     I017967      28021800000000035003410000017N291217050900000000000102802180000000000000000000000000000000000000000100050470809787MARIA LUIZA OLIVEIRA MAGALHAES          RUA: ARAUANA                            NOVO ELDORAD26150350BELFORD ROXO   RJUNIAO UMB DOS CULTOS AFRO BRAS    28021810 000003
10231987175000168817800093673    00007206                     000072060000000000000109                     I017206      28021800000000035003410000017N271217050900000000000102802180000000000000000000000000000000000000000100009956479764TATIANE VASCONCELOS DA SILVA            RUA SANTA MARGARIDA N 337               PIABETA - MA25900000MAGE           RJUNIAO UMB DOS CULTOS AFRO BRAS    28021810 000004
10231987175000168817800093673    00007205                     000072050000000000000109                     I017205      28021800000000035003410000017N271217050900000000000102802180000000000000000000000000000000000000000100008834107705JOSELI TIADULINO                        RUA MARIA TEREZA N 134                  JARDIM CANAA26263230NOVA IGUACU    RJUNIAO UMB DOS CULTOS AFRO BRAS    28021810 000005
10231987175000168817800093673    00007186                     000071860000000000000109                     I017186      28021800000000035003410000017N271217050900000000000102802180000000000000000000000000000000000000000100008246810707LEILA DA SILVA MARQUES                  RUA REDENTOR LOTE 19 QUADRA 18          JARDIM REDEN26110090BELFORD ROXO   RJUNIAO UMB DOS CULTOS AFRO BRAS    28021810 000006
10231987175000168817800093673    00007185                     000071850000000000000109                     I017185      28021800000000035003410000017N271217050900000000000102802180000000000000000000000000000000000000000100010276278704ROSELI DE OLIVEIRA DUTRA                RUA UM LOTE 7 QUADRA 8                  TAQUARA - DU25275110DUQUE DE CAXIASRJUNIAO UMB DOS CULTOS AFRO BRAS    28021810 000007
10231987175000168817800093673    00007184                     000071840000000000000109                     I017184      28021800000000035003410000017N271217050900000000000102802180000000000000000000000000000000000000000100005633721735MARCOS AURELIO PAULINO FLORIAN          RUA LEONEL ROCHA N 195 CASA LOTE H      GUARATIBA - 23032460RIO DE JANEIRO RJUNIAO UMB DOS CULTOS AFRO BRAS    28021810 000008
10231987175000168817800093673    00007182                     000071820000000000000109                     I017182      28021800000000035003410000017N271217050900000000000102802180000000000000000000000000000000000000000100004277956726ROSANA OLIVEIRA GUEDES                  RUA GRACA MELLO N 640 APT 101 BLOCO 30 -CAVALCANTI -21381300RIO DE JANEIRO RJUNIAO UMB DOS CULTOS AFRO BRAS    28021810 000009
10231987175000168817800093673    00007181                     000071810000000000000109                     I017181      28021800000000035003410000017N271217050900000000000102802180000000000000000000000000000000000000000100001972684710ALEXANDRE MALAQUIAS DE SOUSA P          AVENIDA NELSON DE AQUINO N 246 - COROA GCOROA GRANDE23825670ITAGUAI        RJUNIAO UMB DOS CULTOS AFRO BRAS    28021810 000010
10231987175000168817800093673    00007180                     000071800000000000000109                     I017180      28021800000000035003410000017N271217050900000000000102802180000000000000000000000000000000000000000100014641727732DAVI SILVA BARBOSA LIMA                 TRAVESSA ANTONIO AARAO N 9              SEPETIBA - R23540030RIO DE JANEIRO RJUNIAO UMB DOS CULTOS AFRO BRAS    28021810 000011
10231987175000168817800093673    00007099                     000070990000000000000109                     I017099      28021800000000035003410000017N271217050900000000000102802180000000000000000000000000000000000000000100005361904708VANESSA SANTIAGO DE AZEVEDO BA          AVENIDA PASTOR MARTIN LUTHERKING JR N 64VICENTE DE C21371310RIO DE JANEIRO RJUNIAO UMB DOS CULTOS AFRO BRAS    28021810 000012
10231987175000168817800093673    00007097                     000070970000000000000109                     I017097      28021800000000035003410000017N271217050900000000000102802180000000000000000000000000000000000000000100010498307760WILLIAM ROSA DA COSTA                   RUA OITENTA LOTE 35 QUADRA 246          IPIRANGA - M25927164MAGE           RJUNIAO UMB DOS CULTOS AFRO BRAS    28021810 000013
10231987175000168817800093673    00007096                     000070960000000000000109                     I017096      28021800000000035003410000017N271217050900000000000102802180000000000000000000000000000000000000000100001430160754RITA DE CASSIA CORMACK DE CARV          RUA MANOEL IVO N 58                     VILA TRES - 24711030SAO GONCALO    RJUNIAO UMB DOS CULTOS AFRO BRAS    28021810 000014
10231987175000168817800093673    00007095                     000070950000000000000109                     I017095      28021800000000035003410000017N271217050900000000000102802180000000000000000000000000000000000000000100002362714748MAGLENE GOMES ARAUJO                    RUA TENENTE PINTO DUARTE N 36           BENTO RIBEIR21550370RIO DE JANEIRO RJUNIAO UMB DOS CULTOS AFRO BRAS    28021810 000015
10231987175000168817800093673    00007007                     000070070000000000000109                     I017007      28021800000000035003410000017N271217050900000000000102802180000000000000000000000000000000000000000100069865752700HUGO MAGALHAES PEREIRA FILHO            RUA BAGDA, 70                           PANTANAL - D25040400DUQUE DE CAXIASRJUNIAO UMB DOS CULTOS AFRO BRAS    28021810 000016
10231987175000168817800093673    00006640                     000066400000000000000109                     I016640      28021800000000035003410000017N271217050900000000000102802180000000000000000000000000000000000000000100009485186770MARTA FERREIRA BENVINDO PIMENT          RUA: JOSE MARIA Nº 169                 PENHA - RJ  21070140RIO DE JANEIRO RJUNIAO UMB DOS CULTOS AFRO BRAS    28021810 000017
10231987175000168817800093673    00006639                     000066390000000000000109                     I016639      28021800000000035003410000017N271217050900000000000102802180000000000000000000000000000000000000000100008486144612BRUNO FELIPE KALIL HOMSE                RUA JOAQUIM BENEDITO DE PAULA, 639      SAO GERALDO 37558101POUSO ALEGRE   MGUNIAO UMB DOS CULTOS AFRO BRAS    28021810 000018
10231987175000168817800093673    00006638                     000066380000000000000109                     I016638      28021800000000035003410000017N271217050900000000000102802180000000000000000000000000000000000000000100093154011749ANDERSON GOMES BEZERRA                  RUA DONA ROMANA, 309                    ENGENHO NOVO20710200RIO DE JANEIRO RJUNIAO UMB DOS CULTOS AFRO BRAS    28021810 000019
10231987175000168817800093673    00006635                     000066350000000000000109                     I016635      28021800000000035003410000017N271217050900000000000102802180000000000000000000000000000000000000000100004523584770LUIZ FERNANDES HASSELMANN               ESTRADA PROENCA, LOTE 3 QUADRA B N      ENGENHEIRO P26475520RIO DE JANEIRO RJUNIAO UMB DOS CULTOS AFRO BRAS    28021810 000020
10231987175000168817800093673    00006633                     000066330000000000000109                     I016633      28021800000000035003410000017N271217050900000000000102802180000000000000000000000000000000000000000100001928256740MARILZA SANTOS DE OLIVEIRA              RUA DOS PINHEIROS, 368 CASA 1 - VILA DE PRQ ANTARTIC26052720NOVA IGUACU    RJUNIAO UMB DOS CULTOS AFRO BRAS    28021810 000021
10231987175000168817800093673    00006632                     000066320000000000000109                     I016632      28021800000000035003410000017N271217050900000000000102802180000000000000000000000000000000000000000100004493547766ROBSON FRANCISCO ESCHOLASTICO           RUA MATHIAS MACHADO, 87                 ARSENAL - SA24745050SAO GONCALO    RJUNIAO UMB DOS CULTOS AFRO BRAS    28021810 000022
10231987175000168817800093673    00006631                     000066310000000000000109                     I016631      28021800000000035003410000017N271217050900000000000102802180000000000000000000000000000000000000000100010329411705RODRIGO SILVA DO NASCIMENTO SA          RUA: PAPA FOLHA LOTE 2 QUADRA 28 - VILA DUQUE DE CAX25255190DUQUE DE CAXIASRJUNIAO UMB DOS CULTOS AFRO BRAS    28021810 000023
10231987175000168817800093673    00006630                     000066300000000000000109                     I016630      28021800000000035003410000017N271217050900000000000102802180000000000000000000000000000000000000000100088364607715ELISABETE DA CONCEICAO LIMA             RUA ABILIO MACHADO, 163                 VILA TIRADEN25525160SAO JOAO DE MERRJUNIAO UMB DOS CULTOS AFRO BRAS    28021810 000024
10231987175000168817800093673    00006596                     000065960000000000000109                     I016596      28021800000000035003410000017N271217050900000000000102802180000000000000000000000000000000000000000100059374179768ROSANGELA MARIA DE CASTRO BEZE          RUA DONA ISABEL, 1170                   BONSUCESSO -21032060RIO DE JANEIRO RJUNIAO UMB DOS CULTOS AFRO BRAS    28021810 000025
10231987175000168817800093673    00006595                     000065950000000000000109                     I016595      28021800000000035003410000017N271217050900000000000102802180000000000000000000000000000000000000000100001556268767ANTONIO CARLOS DA CONCEICAO SA          RUA EMILIA MARTINS  84                  VILA MARTINS26043010NOVA IGUACU    RJUNIAO UMB DOS CULTOS AFRO BRAS    28021810 000026
10231987175000168817800093673    00006517                     000065170000000000000109                     I016517      28021800000000035003410000017N271217050900000000000102802180000000000000000000000000000000000000000100000357281756ROSA ELENA DA CONCEICAO ALVES           TRAVESSA TIRADENTES N 23 CASA 4         OLINDA - NIL26535370NILOPOLIS      RJUNIAO UMB DOS CULTOS AFRO BRAS    28021810 000027
10231987175000168817800093673    00006507                     000065070000000000000109                     I016507      28021800000000035003410000017N271217050900000000000102802180000000000000000000000000000000000000000100084161973772MARCOS ANTONIO VIEIRA BAPTISTA          RUA CARLOS GONCALVES PENNA, 42          ENGENHO DA R20761330RIO DE JANEIRO RJUNIAO UMB DOS CULTOS AFRO BRAS    28021810 000028
10231987175000168817800093673    00006506                     000065060000000000000109                     I016506      28021800000000035003410000017N271217050900000000000102802180000000000000000000000000000000000000000100002175979717CLAUDIA PILAR PERES SANTOS DE           RUA JOAO MACIEIRA N 20                  MADUREIRA - 21310090RIO DE JANEIRO RJUNIAO UMB DOS CULTOS AFRO BRAS    28021810 000029
10231987175000168817800093673    00006505                     000065050000000000000109                     I016505      28021800000000035003410000017N271217050900000000000102802180000000000000000000000000000000000000000100002190466709CARLOS ROBERTO RIBEIRO DA CONC          RUA NOSSA SENHORA DAS GRACAS N 40       MOSELA - PET25675111PETROPOLIS     RJUNIAO UMB DOS CULTOS AFRO BRAS    28021810 000030
10231987175000168817800093673    00006461                     000064610000000000000109                     I016461      28021800000000035003410000017N271217050900000000000102802180000000000000000000000000000000000000000100003535090784SOLANGE PEREIRA DA SILVA                RUA MANUEL MIRANDA, 226                 ENGENHO NOVO20950300RIO DE JANEIRO RJUNIAO UMB DOS CULTOS AFRO BRAS    28021810 000031
10231987175000168817800093673    00006460                     000064600000000000000109                     I016460      28021800000000035003410000017N271217050900000000000102802180000000000000000000000000000000000000000100007600363739ROSEMERE CLAUDINO                       O MESMO                                 O MESMO     26061290NOVA IGUACU    RJUNIAO UMB DOS CULTOS AFRO BRAS    28021810 000032
10231987175000168817800093673    00006444                     000064440000000000000109                     I016444      28021800000000035003410000017N271217050900000000000102802180000000000000000000000000000000000000000100038370999700JULIO ALEXANDRE FERREIRA                RUA BARAO DE JACUI, 254 CASA 16 FUNDOS  OSWALDO CRUZ21550310RIO DE JANEIRO RJUNIAO UMB DOS CULTOS AFRO BRAS    28021810 000033
10231987175000168817800093673    00006443                     000064430000000000000109                     I016443      28021800000000035003410000017N271217050900000000000102802180000000000000000000000000000000000000000100001934622737ZENY MIRANDA DE SOUZA                   RUA ADRIANA, 63 - RECANTO SANTO ANTONIO SANTA RITA -26051130NOVA IGUACU    RJUNIAO UMB DOS CULTOS AFRO BRAS    28021810 000034
10231987175000168817800093673    00006441                     000064410000000000000109                     I016441      28021800000000035003410000017N271217050900000000000102802180000000000000000000000000000000000000000100000382904729EMERSON DOS SANTOS FIDELIS              RUA SEVERINO SANTOS, LOTE 20 QUADRA P   SARACURUNA -25212668DUQUE DE CAXIASRJUNIAO UMB DOS CULTOS AFRO BRAS    28021810 000035
10231987175000168817800093673    00006440                     000064400000000000000109                     I016440      28021800000000035003410000017N271217050900000000000102802180000000000000000000000000000000000000000100062792920700LUIZ CESAR DE OLIVEIRA                  RUA PEREIRA DE FIGUEIREDO, 627          OSWALDO CRUZ21340030RIO DE JANEIRO RJUNIAO UMB DOS CULTOS AFRO BRAS    28021810 000036
10231987175000168817800093673    00006438                     000064380000000000000109                     I016438      28021800000000035003410000017N271217050900000000000102802180000000000000000000000000000000000000000100001117379744VERA LUCIA SOUZA COUTO                  RUA RUDY ALBERTO, 868 - IMPERADOR       MAUA - MAGE 25900000MAGE           RJUNIAO UMB DOS CULTOS AFRO BRAS    28021810 000037
10231987175000168817800093673    00006413                     000064130000000000000109                     I016413      28021800000000035003410000017N271217050900000000000102802180000000000000000000000000000000000000000100066638682768VALERIA COELHO DA SILVA                 RUA DOUTOR ALFREDO BARCELOS, 381        OLARIA - RJ 21021421RIO DE JANEIRO RJUNIAO UMB DOS CULTOS AFRO BRAS    28021810 000038
10231987175000168817800093673    00006412                     000064120000000000000109                     I016412      28021800000000035003410000017N271217050900000000000102802180000000000000000000000000000000000000000100078935806749MARIA DA CONCEICAO DOS SANTOS           RUA ESTRELA, 26                         VILA SAO MIG26088315NOVA IGUACU    RJUNIAO UMB DOS CULTOS AFRO BRAS    28021810 000039
10231987175000168817800093673    00006369                     000063690000000000000109                     I016369      28021800000000035003410000017N271217050900000000000102802180000000000000000000000000000000000000000100090021177791MARIA CRISTINA SOUZA DE OLIVEI          RUA: DA GLORIA Nº 4064 - VILA LEPOLDINADUQUE DE CAX25060240DUQUE DE CAXIASRJUNIAO UMB DOS CULTOS AFRO BRAS    28021810 000040
10231987175000168817800093673    00006359                     000063590000000000000109                     I016359      28021800000000035003410000017N271217050900000000000102802180000000000000000000000000000000000000000100005363118700VALDECI LIMA DA COSTA                   O MESMO                                 O MESMO     21210420RIO DE JANEIRO RJUNIAO UMB DOS CULTOS AFRO BRAS    28021810 000041
10231987175000168817800093673    00006355                     000063550000000000000109                     I016355      28021800000000035003410000017N271217050900000000000102802180000000000000000000000000000000000000000100044608268791FAUSTO DOS SANTOS REZENDE               O MESMO                                 O MESMO     21010070RIO DE JANEIRO RJUNIAO UMB DOS CULTOS AFRO BRAS    28021810 000042
10231987175000168817800093673    00006326                     000063260000000000000109                     I016326      28021800000000035003410000017N271217050900000000000102802180000000000000000000000000000000000000000100004151403744ANDRE DOMINGOS NUNES                    RUA ISAC MADEIRA N 127                  SEPETIBA - R23535801RIO DE JANEIRO RJUNIAO UMB DOS CULTOS AFRO BRAS    28021810 000043
10231987175000168817800093673    00006325                     000063250000000000000109                     I016325      28021800000000035003410000017N271217050900000000000102802180000000000000000000000000000000000000000100038923335720MARILENE LOPES                          RUA: LIBERATO                           MESQUITA    26235180MESQUITA       RJUNIAO UMB DOS CULTOS AFRO BRAS    28021810 000044
9                                                                                                                                                                                                                                                                                                                                                                                                         000045
