01REMESSA01COBRANCA       817800093673        União Umb dos Cultos Afro Bra341BANCO ITAU SA  080118                                                                                                                                                                                                                                                                                                      000001
10231987175000168817800093673    00001357                     000013570000000000000109                     I341357      20121700000000300003410000017N241017050900000000000102012170000000000000000000000000000000000000000100003387078757MARLETE DIAS MENDES                     RUA GENERAL ORLANDO GEISEL, 261 BLOCO 2 RECREIO BAND22790280RIO DE JANEIRO RJUNIAO UMB DOS CULTOS AFRO BRAS    20121710 000002
10231987175000168817800093673    00001346                     000013460000000000000109                     I021346      20121700000000300003410000017N241017050900000000000102012170000000000000000000000000000000000000000100034663240763GUARACI FRANCISCO RIBEIRO               RUA: ASTRAL Nº 63 - ROSA DOS VENTOS    NOVA IGUACU 26276070NOVA IGUACU    RJUNIAO UMB DOS CULTOS AFRO BRAS    20121710 000003
10231987175000168817800093673    00001340                     000013400000000000000109                     I341340      20121700000000340003410000017N241017050900000000000102012170000000000000000000000000000000000000000100025969153753MARIA EUNICE FRUCTUOSO MIGUEL           RUA: VIRGEM PEREGRINA Nº 81            PIEDADE - RI21381070RIO DE JANEIRO RJUNIAO UMB DOS CULTOS AFRO BRAS    20121710 000004
10231987175000168817800093673    00001325                     000013250000000000000109                     I021325      20121700000000340003410000017N241017050900000000000102012170000000000000000000000000000000000000000100064891712791MOSENIRA DA SILVA COSTA                 RUA MARQUESA DE SANTOS, LOTE 8 QUADRA 50VILA ROSARIO25040070DUQUE DE CAXIASRJUNIAO UMB DOS CULTOS AFRO BRAS    20121710 000005
10231987175000168817800093673    00001317                     000013170000000000000109                     I341317      20121700000000300003410000017N241017050900000000000102012170000000000000000000000000000000000000000100004418873767SANDRA REGINA DA SILVA                  AVENIDA: PERNAMBUCANA Nº 2282 A - COELHSAO JOAO DE 25555080SAO JOAO DE MERRJUNIAO UMB DOS CULTOS AFRO BRAS    20121710 000006
10231987175000168817800093673    00001312                     000013120000000000000109                     I011312      20121700000000300003410000017N241017050900000000000102012170000000000000000000000000000000000000000100042447941749MARIA NEIDE DE OLIVEIRA SILVA           RUA PROSPERIDADE, LOTE 8 QUADRA 43      PILAR - DUQU25230080DUQUE DE CAIXASRJUNIAO UMB DOS CULTOS AFRO BRAS    20121710 000007
10231987175000168817800093673    00001307                     000013070000000000000109                     I341307      20121700000000340003410000017N241017050900000000000102012170000000000000000000000000000000000000000100038605783753DJANIRA DOS SANTOS                      RUA: CACEQUI  166                       BRAS DE PINA21210760RIO DE JANEIRO RJUNIAO UMB DOS CULTOS AFRO BRAS    20121710 000008
10231987175000168817800093673    00001303                     000013030000000000000109                     I341303      20121700000000300003410000017N241017050900000000000102012170000000000000000000000000000000000000000100054318335704JANE DA COSTA MATTOS                    RUA AMANDIU, 271                        IRAJA - RJ  21371440RIO DE JANEIRO RJUNIAO UMB DOS CULTOS AFRO BRAS    20121710 000009
10231987175000168817800093673    00001291                     000012910000000000000109                     I341291      20121700000000340003410000017N241017050900000000000102012170000000000000000000000000000000000000000100000879400781DEBORA NANCY DA SILVA COELHO            RUA: OSCAR Nº 36 - MIGUEL COUTO        NOVA IGUACU 26145210NOVA IGUACU    RJUNIAO UMB DOS CULTOS AFRO BRAS    20121710 000010
10231987175000168817800093673    00001282                     000012820000000000000109                     I341282      20121700000000300003410000017N241017050900000000000102012170000000000000000000000000000000000000000100088188710725MARIA DE NAZARETH DA COSTA SAN          RUA: AURIZONA Nº 55                    CAMPO GRANDE23095010RIO DE JANEIRO RJUNIAO UMB DOS CULTOS AFRO BRAS    20121710 000011
10231987175000168817800093673    00001256                     000012560000000000000109                     I341256      20121700000000340003410000017N241017050900000000000102012170000000000000000000000000000000000000000100060792078772ROSANGELA DA SILVA                      RUA TUCUNARE N 43 CASA 1                BRAS DE PINA21215150RIO DE JANEIRO RJUNIAO UMB DOS CULTOS AFRO BRAS    20121710 000012
10231987175000168817800093673    00001236                     000012360000000000000109                     I341236      20121700000000340003410000017N241017050900000000000102012170000000000000000000000000000000000000000100012354907770BARBARA CRISTINA DE OLIVEIRA B          RUA PROF. PLINIO OLINTO N 401 TRAVESSA SBANGU - RIO 21860160RIO DE JANEIRO RJUNIAO UMB DOS CULTOS AFRO BRAS    20121710 000013
10231987175000168817800093673    00001227                     000012270000000000000109                     I341227      20121700000000340003410000017N241017050900000000000102012170000000000000000000000000000000000000000100052894835787CARMITA DE JESUS DA SILVA               RUA VISCONDE DE NITEROI N 298 CASA 13   MANGUEIRA - 20943000RIO DE JANEIRO RJUNIAO UMB DOS CULTOS AFRO BRAS    20121710 000014
10231987175000168817800093673    00001210                     000012100000000000000109                     I341210      20121700000000340003410000017N241017050900000000000102012170000000000000000000000000000000000000000100002318759758MARIA EDNEA DE PAULA CHAGAS             RUA DEOCLECIANO RAMOS N 1144 CASA 2 FUNDANCHIETA - R21645180RIO DE JANEIRO RJUNIAO UMB DOS CULTOS AFRO BRAS    20121710 000015
10231987175000168817800093673    00001203                     000012030000000000000109                     I341203      20121700000000300003410000017N241017050900000000000102012170000000000000000000000000000000000000000100093665536700IVANILDA DE AZEVEDO DOS SANTOS          RUA TENENTE PORTELA QUADRA 43 LOTE 21   JARDIM MARAV23033200CAMPO GRANDE   RJUNIAO UMB DOS CULTOS AFRO BRAS    20121710 000016
10231987175000168817800093673    00001197                     000011970000000000000109                     I341197      20121700000000340003410000017N241017050900000000000102012170000000000000000000000000000000000000000100073887145704MARIA LUCIA APOLINARIO                  RUA AMERICO DA ROCHA N 779 CASA 1 FUNDOSMARECHAL HER21555300RIO DE JANEIRO RJUNIAO UMB DOS CULTOS AFRO BRAS    20121710 000017
10231987175000168817800093673    00001196                     000011960000000000000109                     I341196      20121700000000340003410000017N241017050900000000000102012170000000000000000000000000000000000000000100046626247700SHEILA MARIA DE ANDRADE                 ESTRADA ANTONIO JOSE BITTENCOURT N 76   CENTRO - NIL26535000NILOPOLIS      RJUNIAO UMB DOS CULTOS AFRO BRAS    20121710 000018
10231987175000168817800093673    00001195                     000011950000000000000109                     I341195      20121700000000340003410000017N241017050900000000000102012170000000000000000000000000000000000000000100002551901740DORIS RODRIGUES PEREIRA                 RUA AUGUSTO CALHEIROS                   ARNALDO EUGE23016090CAMPO GRANDE   RJUNIAO UMB DOS CULTOS AFRO BRAS    20121710 000019
10231987175000168817800093673    00001194                     000011940000000000000109                     I011194      02021800000000340003410000017N241017050900000000000100202180000000000000000000000000000000000000000100067165664734JAIRINO DOS SANTOS E JUREMA J.          TRAVESSA ALVARENGA N 80                 EDSON PASSOS26246150MESQUITA       RJUNIAO UMB DOS CULTOS AFRO BRAS    02021810 000020
10231987175000168817800093673    00001187                     000011870000000000000109                     I011187      20121700000000340003410000017N241017050900000000000102012170000000000000000000000000000000000000000100079539165768EULALIA DOS SANTOS                      RUA SENADOR MAYNARD GOMES LOTE 17 E 18  BANGU - RIO 21830090RIO DE JANEIRO RJUNIAO UMB DOS CULTOS AFRO BRAS    20121710 000021
10231987175000168817800093673    00001180                     000011800000000000000109                     I011180      20121700000000340003410000017N241017050900000000000102012170000000000000000000000000000000000000000100062893009700JOSE EDUARDO VIEIRA DOS SANTOS          RUA DONA CECILIA N 2                    RIO COMPRIDO20251010RIO DE JANEIRO RJUNIAO UMB DOS CULTOS AFRO BRAS    20121710 000022
10231987175000168817800093673    00001175                     000011750000000000000109                     I341175      20121700000000340003410000017N241017050900000000000102012170000000000000000000000000000000000000000100060585528772JUCANA DE SOUZA CARVALHO                RUA ASSAI N 17                          CAVALCANTI -20370300RIO DE JANEIRO RJUNIAO UMB DOS CULTOS AFRO BRAS    20121710 000023
10231987175000168817800093673    00001173                     000011730000000000000109                     I011173      20121700000000340003410000017N241017050900000000000102012170000000000000000000000000000000000000000100012987395787LUIZ CARLOS VIEIRA DA SILVA             RUA MINISTRO MOREIRA DE ABREU N 232     OLARIA - RIO21071480RIO DE JANEIRO RJUNIAO UMB DOS CULTOS AFRO BRAS    20121710 000024
10231987175000168817800093673    00001170                     000011700000000000000109                     I341170      20121700000000340003410000017N241017050900000000000102012170000000000000000000000000000000000000000100070602824753JOSE LUIZ ROCHA GRALHA                  RUA SAPOPEMBA, 227                      BENTO RIBEIR21331240RIO DE JANEIRO RJUNIAO UMB DOS CULTOS AFRO BRAS    20121710 000025
10231987175000168817800093673    00001167                     000011670000000000000109                     I341167      20121700000000340003410000017N241017050900000000000102012170000000000000000000000000000000000000000100077414349772MARIA DA GLORIA RAMOS DOS SANT          RUA SANTO ANSEMO, 45 BLOCO 2 APTO 108   GUADALUPE - 21660210RIO DE JANEIRO RJUNIAO UMB DOS CULTOS AFRO BRAS    20121710 000026
10231987175000168817800093673    00001162                     000011620000000000000109                     I341162      20121700000000340003410000017N241017050900000000000102012170000000000000000000000000000000000000000100098416286787CLAUDIO LUIZ DOMINGOS DOS SANT          RUA PRESIDENTE JUSCELINO KUBITSCHEK, 230PQ ESPERANCA26173515BELFORD ROXO   RJUNIAO UMB DOS CULTOS AFRO BRAS    20121710 000027
10231987175000168817800093673    00001157                     000011570000000000000109                     I341157      20121700000000340003410000017N241017050900000000000102012170000000000000000000000000000000000000000100072010177720ELISE DO CARMO FRANCA                   RUA CARLOS PALUTI, 510 BL 4 APT 206     MERK - JACAR22710310RIO DE JANEIRO RJUNIAO UMB DOS CULTOS AFRO BRAS    20121710 000028
10231987175000168817800093673    00001129                     000011290000000000000109                     I011129      20121700000000340003410000017N241017050900000000000102012170000000000000000000000000000000000000000100044351429704VANIA MARIA SIMOES DA SILVA             RUA SAO CRISTOVAO, 193  PARQUE SAO FRANCKM 32 - NOVA26355120NOVA IGUACU    RJUNIAO UMB DOS CULTOS AFRO BRAS    20121710 000029
10231987175000168817800093673    00001127                     000011270000000000000109                     I011127      20121700000000340003410000017N241017050900000000000102012170000000000000000000000000000000000000000100054101778787ROSARIA MARIA DAS CHAGAS DA SI          RUA DA AERONAUTICA, 61                  SENADOR CAMA21831410RIO DE JANEIRO RJUNIAO UMB DOS CULTOS AFRO BRAS    20121710 000030
10231987175000168817800093673    00001102                     000011020000000000000109                     I011102      20121700000000340003410000017N241017050900000000000102012170000000000000000000000000000000000000000100044448732720PAULO RENATO MOURA                      TRAVESSA NAIR LADEIRA, 582 FUNDOS       FONSECA - NI24130270NITEROI        RJUNIAO UMB DOS CULTOS AFRO BRAS    20121710 000031
10231987175000168817800093673    00001099                     000010990000000000000109                     I341099      20121700000000340003410000017N241017050900000000000102012170000000000000000000000000000000000000000100003033198709NEIDE APARECIDA DA CONCEICAO M          ESTRADA ANTONIO REIS CARNEIRO, 112 - FINVILA SANTA T26193320RIO DE JANEIRO RJUNIAO UMB DOS CULTOS AFRO BRAS    20121710 000032
10231987175000168817800093673    00001098                     000010980000000000000109                     I011098      20121700000000340003410000017N241017050900000000000102012170000000000000000000000000000000000000000100004275143710NILZA DA COSTA ETELVINO                 RUA SETE, 80 - CONJUNTO CAMPINHO        CAMPO GRANDE23067130RIO DE JANEIRO RJUNIAO UMB DOS CULTOS AFRO BRAS    20121710 000033
10231987175000168817800093673    00001097                     000010970000000000000109                     I341097      20121700000000340003410000017N241017050900000000000102012170000000000000000000000000000000000000000100047457198768MARIA PENHA SOARES FERREIRA             ESTRADA DO TINGUI, 3700 - CONJUNTO CAMPICAMPO GRANDE23067552RIO DE JANEIRO RJUNIAO UMB DOS CULTOS AFRO BRAS    20121710 000034
10231987175000168817800093673    00001094                     000010940000000000000109                     I341094      20121700000000340003410000017N241017050900000000000102012170000000000000000000000000000000000000000100036910473787MILTON DE OLIVEIRA NASCIMENTO           RUA JAVATA, 2071                        ANCHIETA - R21655410RIO DE JANEIRO RJUNIAO UMB DOS CULTOS AFRO BRAS    20121710 000035
10231987175000168817800093673    00001065                     000010650000000000000109                     I341065      20121700000000340003410000017N241017050900000000000102012170000000000000000000000000000000000000000100002037985703MARCELO KALLUT MARABUTO                 RUA DOUTOR BERNARDINO, 165 CASA 29      PRACA SECA -21320020RIO DE JANEIRO RJUNIAO UMB DOS CULTOS AFRO BRAS    20121710 000036
10231987175000168817800093673    0000821                      000008210000000000000109                     I02821       20121700000000350003410000017N171017050900000000000102012170000000000000000000000000000000000000000100004746270716ANTONIO CARLOS FERNANDES                RUA FRANCISCO DE CASTRO, 9 CASA 1       SANTA TERESA20241300RIO DE JANEIRO RJUNIAO UMB DOS CULTOS AFRO BRAS    20121710 000037
10231987175000168817800093673    0000766                      000007660000000000000109                     I01766       20121700000000340003410000017N171017050900000000000102012170000000000000000000000000000000000000000100038887240744IVONE COELHO DA SILVA                   RUA ARACI COSTA, 77                     GUADALUPE - 21665010RIO DE JANEIRO RJUNIAO UMB DOS CULTOS AFRO BRAS    20121710 000038
10231987175000168817800093673    0000762                      000007620000000000000109                     I01762       20121700000000300003410000017N171017050900000000000102012170000000000000000000000000000000000000000100091938074734MARIA DOS SANTOS RAMOS                  RUA TAIUVA, LOTE 14 QUADRA 54 CASA 2    FARRULA - BE26125420BELFORD ROXO   RJUNIAO UMB DOS CULTOS AFRO BRAS    20121710 000039
10231987175000168817800093673    0000415                      000004150000000000000109                     I34415       20121700000000340003410000017N101017050900000000000102012170000000000000000000000000000000000000000100088297047768MARIA ANTONIA SANTOS                    RUA GOMES CARNEIRO, LOTE 15 QUADRA 64   VILA URUSSAI25211060DUQUE DE CAXIASRJUNIAO UMB DOS CULTOS AFRO BRAS    20121710 000040
10231987175000168817800093673    0000413                      000004130000000000000109                     I34413       20121700000000300003410000017N101017050900000000000102012170000000000000000000000000000000000000000100041233751700ROSARIA DE OLIVEIRA RIBEIRO             RUA LEOPOLDINA, 82                      PIEDADE - RJ20756110RIO DE JANEIRO RJUNIAO UMB DOS CULTOS AFRO BRAS    20121710 000041
10231987175000168817800093673    0000344                      000003440000000000000109                     I34344       20121700000000340003410000017N101017050900000000000102012170000000000000000000000000000000000000000100087188144700ILSON ALVES DE MELLO                    RUA MAESTRO CLAUDIONOR DA SILVA, 78     FRAGOSO - MA25935506MAGE           RJUNIAO UMB DOS CULTOS AFRO BRAS    20121710 000042
10231987175000168817800093673    0000185                      000001850000000000000109                     I34185       20121700000000350003410000017N101017050900000000000102012170000000000000000000000000000000000000000100046314202787HELENO MARTINS DE OLIVEIRA              RUA ALFENAS, 48 CASA 2                  TRINDADE - S24456220SAO GONCALO    RJUNIAO UMB DOS CULTOS AFRO BRAS    20121710 000043
10231987175000168817800093673    0000134                      000001340000000000000109                     I01134       20121700000000340003410000017N101017050900000000000102012170000000000000000000000000000000000000000100036352624715DEYSE LUZIA DE FREITA BRITTO            RUA DOIS LOTE 13 QUADRA 15 - CHACARAS DEINOA - MARIC24900000INOA - MARICA  RJUNIAO UMB DOS CULTOS AFRO BRAS    20121710 000044
9                                                                                                                                                                                                                                                                                                                                                                                                         000045
