01REMESSA01COBRANCA       916200163100        União Umb dos Cultos Afro Bra341BANCO ITAU SA  060418                                                                                                                                                                                                                                                                                                      000001
10231987175000168916200163100    000014324                    000143240000000000000109                     I0114324     06041800000000070003410000017N050418104700000000000100604180000000000000000000000000000000000000000100004278587716LUCIANO GONCALVES PIRES                 RUA MARECHAL ANTONIO DE SOUSA           JARDIM AMERI21240430RIO DE JANEIRO RJUNIAO UMB DOS CULTOS AFRO BRAS    06041810 000002
10231987175000168916200163100    000014323                    000143230000000000000109                     I0114323     30051800000000035003410000017N050418104700000000000103005180000000000000000000000000000000000000000100014907708793THIAGO CARVALHO VIDAL LIMA              RUA DONA DUCHA QUADRA 5 LOTE 7          MARIA CONGA 25900353MAGE           RJUNIAO UMB DOS CULTOS AFRO BRAS    30051810 000003
10231987175000168916200163100    000014322                    000143220000000000000109                     I0114322     30041800000000035003410000017N050418104700000000000103004180000000000000000000000000000000000000000100014907708793THIAGO CARVALHO VIDAL LIMA              RUA DONA DUCHA QUADRA 5 LOTE 7          MARIA CONGA 25900353MAGE           RJUNIAO UMB DOS CULTOS AFRO BRAS    30041810 000004
10231987175000168916200163100    000014283                    000142830000000000000109                     I0214283     10041800000000898853410000017N290318104700000000000101004180000000000000000000000000000000000000000100049547410768ROSELI DE SAO JOSE MOREIRA              RUA: ALCIDES MAIA                       BENTO RIBEIR21550560RIO DE JANEIRO RJUNIAO UMB DOS CULTOS AFRO BRAS    10041810 000005
10231987175000168916200163100    000014109                    000141090000000000000109                     I0214109     10041800000000350003410000017N270218104700000000000101004180000000000000000000000000000000000000000100000308305752MAGDA DA SILVA DINELLY                  ESTRADA DOS SETE RIACHOS, 1949 LOTE 10 CSANTISSIMO -23098006RIO DE JANEIRO RJUNIAO UMB DOS CULTOS AFRO BRAS    10041810 000006
10231987175000168916200163100    000013964                    000139640000000000000109                     I0213964     30031800000000105003410000017N210218104700000000000103003180000000000000000000000000000000000000000100003666096700MARIA DOS SANTOS MACHADO                RUA JOAO RAIMUNDO, QUADRA 3 LOTE 13     VILA SANTO A25041400DUQUE DE CAXIASRJUNIAO UMB DOS CULTOS AFRO BRAS    30031810 000007
10231987175000168916200163100    00009088                     000090880000000000000109                     I029088      28021800000000035003410000017N310118104700000000000102802180000000000000000000000000000000000000000100004278587716LUCIANO GONCALVES PIRES                 RUA MARECHAL ANTONIO DE SOUSA           JARDIM AMERI21240430RIO DE JANEIRO RJUNIAO UMB DOS CULTOS AFRO BRAS    28021810 000008
10231987175000168916200163100    00008814                     000088140000000000000109                     I028814      31011800000000035003410000017N020118104700000000000103101180000000000000000000000000000000000000000200000000011636CARLOS DE CARVALHO                      RUA MARINALVA SILVA, 9                  MALHAPAO - B26187660BELFORD ROXO   RJUNIAO UMB DOS CULTOS AFRO BRAS    31011810 000009
10231987175000168916200163100    00008760                     000087600000000000000109                     I028760      31011800000000035003410000017N020118104700000000000103101180000000000000000000000000000000000000000100061172413720ELVIRA CRISTINA DE OLIVEIRA             RUA JOSE DOS REIS, 2265 BLOCO 3 APTO 103INHAUMA - RJ20760245RIO DE JANEIRO RJUNIAO UMB DOS CULTOS AFRO BRAS    31011810 000010
10231987175000168916200163100    00004393                     000043930000000000000109                     I024393      22121700000000350003410000017N171117104700000000000102212170000000000000000000000000000000000000000100005441529723RAQUEL LUCILIA SANTOS RAMOS             AVENIDA DE SANTA CRUZ N 11066           SENADOR VASC23010002RIO DE JANEIRO RJUNIAO UMB DOS CULTOS AFRO BRAS    22121710 000011
10231987175000168916200163100    00004288                     000042880000000000000109                     I024288      22121700000000350003410000017N171117104700000000000102212170000000000000000000000000000000000000000100090100328768VANDA DA SILVA MARQUES                  RUA TAIUVA, 117 FUNDOS                  PADRE MIGUEL21775450RIO DE JANEIRO RJUNIAO UMB DOS CULTOS AFRO BRAS    22121710 000012
10231987175000168916200163100    00004238                     000042380000000000000109                     I024238      22121700000000350003410000017N171117104700000000000102212170000000000000000000000000000000000000000100004245693703JONETE DA SILVA FRANCISCO               RUA MOZART FIRMESA, 20 COBERTURA 303    RECREIO - RJ22795365RIO DE JANEIRO RJUNIAO UMB DOS CULTOS AFRO BRAS    22121710 000013
10231987175000168916200163100    00004142                     000041420000000000000109                     I024142      22121700000000350003410000017N171117104700000000000102212170000000000000000000000000000000000000000100000000011975ROSE MARY DA COSTA                      AVENIDA PREFEITO BRAULINO DE MATOS REIS,GRAMACHO - D25060445DUQUE DE CAXIASRJUNIAO UMB DOS CULTOS AFRO BRAS    22121710 000014
10231987175000168916200163100    00004140                     000041400000000000000109                     I024140      22121700000000350003410000017N171117104700000000000102212170000000000000000000000000000000000000000100000000011968SEBASTIANA DAS GRACAS ANDRADE           RUA REMEDIO FERNANDES, 107              RODILANDIA -26083480NOVA IGUACU    RJUNIAO UMB DOS CULTOS AFRO BRAS    22121710 000015
10231987175000168916200163100    00004139                     000041390000000000000109                     I024139      22121700000000350003410000017N171117104700000000000102212170000000000000000000000000000000000000000100091613965591SIMONE OLIVEIRA MACEDO                  ESTRADA CANCELA PRETA, 2120             BANGU - RIO 21725010RIO DE JANEIRO RJUNIAO UMB DOS CULTOS AFRO BRAS    22121710 000016
10231987175000168916200163100    00004138                     000041380000000000000109                     I024138      22121700000000350003410000017N171117104700000000000102212170000000000000000000000000000000000000000100003259472797IVONETE MARIA DA SILVA                  RUA RAFAEL LANGONE, 192                 CENTRO      25880000SAPUCAIA       RJUNIAO UMB DOS CULTOS AFRO BRAS    22121710 000017
10231987175000168916200163100    00004137                     000041370000000000000109                     I024137      22121700000000350003410000017N171117104700000000000102212170000000000000000000000000000000000000000100006814850704ALESSANDRA FERNANDES ARAUJO             RUA LICINIO BARCELOS, 68                IRAJA - RIO 21235190RIO DE JANEIRO RJUNIAO UMB DOS CULTOS AFRO BRAS    22121710 000018
10231987175000168916200163100    00004135                     000041350000000000000109                     I024135      22121700000000350003410000017N171117104700000000000102212170000000000000000000000000000000000000000100095433953734ISABEL CRISTINA FERREIRA                RUA NOVE, LOTE 16 QUADRA 7              INOA - MARIC24941385MARICA         RJUNIAO UMB DOS CULTOS AFRO BRAS    22121710 000019
10231987175000168916200163100    00004134                     000041340000000000000109                     I024134      22121700000000350003410000017N171117104700000000000102212170000000000000000000000000000000000000000100000896315797ROSANGELA GONCALVES BONZOUMET           RUA CORREIO DO RIO, 155                 TAQUARA     22715010RIO DE JANEIRO RJUNIAO UMB DOS CULTOS AFRO BRAS    22121710 000020
10231987175000168916200163100    00004113                     000041130000000000000109                     I024113      22121700000000350003410000017N171117104700000000000102212170000000000000000000000000000000000000000100074593250749ELIZABETH DA SILVA OLIVEIRA             RUA QUINZE, 1303 CASA 2                 TEIXEIRA - I23819230ITAGUAI        RJUNIAO UMB DOS CULTOS AFRO BRAS    22121710 000021
10231987175000168916200163100    00003965                     000039650000000000000109                     I023965      22121700000000350003410000017N171117104700000000000102212170000000000000000000000000000000000000000100002480943780HELIA SANTOS DA SILVA DE LIMA           RUA JOSE DE ALENCAR, QUADRA 67 LOTE 5   PRACA DA BAN25560150SAO JOAO DE MERRJUNIAO UMB DOS CULTOS AFRO BRAS    22121710 000022
10231987175000168916200163100    00003887                     000038870000000000000109                     I023887      22121700000000350003410000017N171117104700000000000102212170000000000000000000000000000000000000000200000000010582NILO SERGIO SANTOS BARCELLOS            ESTRADA CORONEL VIEIRA, 134 BLOCO 4 APTOIRAJA - RJ  21220310RIO DE JANEIRO RJUNIAO UMB DOS CULTOS AFRO BRAS    22121710 000023
10231987175000168916200163100    00003884                     000038840000000000000109                     I023884      22121700000000350003410000017N171117104700000000000102212170000000000000000000000000000000000000000200000000010546SIMONE MOREIRA MORAIS                   RUA TRAJANO DE MORAIS, 547 - CAIXA D AGUCAIXA D AGUA27135280BARRA DO PIRAI RJUNIAO UMB DOS CULTOS AFRO BRAS    22121710 000024
10231987175000168916200163100    00003883                     000038830000000000000109                     I023883      22121700000000350003410000017N171117104700000000000102212170000000000000000000000000000000000000000100001928256740MARILZA SANTOS DE OLIVEIRA              RUA DOS PINHEIROS, 368 CASA 1 - VILA DE PRQ ANTARTIC26052720NOVA IGUACU    RJUNIAO UMB DOS CULTOS AFRO BRAS    22121710 000025
10231987175000168916200163100    00003879                     000038790000000000000109                     I023879      22121700000000350003410000017N171117104700000000000102212170000000000000000000000000000000000000000100088364607715ELISABETE DA CONCEICAO LIMA             RUA ABILIO MACHADO, 163                 VILA TIRADEN25525160SAO JOAO DE MERRJUNIAO UMB DOS CULTOS AFRO BRAS    22121710 000026
10231987175000168916200163100    00003878                     000038780000000000000109                     I023878      22121700000000350003410000017N171117104700000000000102212170000000000000000000000000000000000000000200000000010499MARIA DA GRACA RODRIGUEZ                RUA PINTO TELES, 1048 A                 VILA VALQUEI21341270RIO DE JANEIRO RJUNIAO UMB DOS CULTOS AFRO BRAS    22121710 000027
10231987175000168916200163100    00003695                     000036950000000000000109                     I023695      22121700000000350003410000017N171117104700000000000102212170000000000000000000000000000000000000000100093473095753ALEXANDER NUNES PICANCO                 RUA REGISTRO, 315                       SENADOR CAMA21832270RIO DE JANEIRO RJUNIAO UMB DOS CULTOS AFRO BRAS    22121710 000028
10231987175000168916200163100    00003631                     000036310000000000000109                     I023631      22121700000000350003410000017N171117104700000000000102212170000000000000000000000000000000000000000100051851229787MARTA DO NASCIMENTO CRISPINO            RUA LEONOR SARAMAGO, 89                 FONSECA - NI24120340NITEROI        RJUNIAO UMB DOS CULTOS AFRO BRAS    22121710 000029
10231987175000168916200163100    00003628                     000036280000000000000109                     I023628      22121700000000350003410000017N171117104700000000000102212170000000000000000000000000000000000000000200000000004099CARLOS HENRIQUE LOPES ROSA              RUA ROSA MULLER, LOTE 3 CD 1 BLOCO 9 APTVILAR DOS TE25560355SAO JOAO DE MERRJUNIAO UMB DOS CULTOS AFRO BRAS    22121710 000030
10231987175000168916200163100    00003627                     000036270000000000000109                     I023627      22121700000000350003410000017N171117104700000000000102212170000000000000000000000000000000000000000100066638682768VALERIA COELHO DA SILVA                 RUA DOUTOR ALFREDO BARCELOS, 381        OLARIA - RJ 21021421RIO DE JANEIRO RJUNIAO UMB DOS CULTOS AFRO BRAS    22121710 000031
10231987175000168916200163100    00003624                     000036240000000000000109                     I023624      22121700000000350003410000017N171117104700000000000102212170000000000000000000000000000000000000000100000000004594VIRGINIA BERNARDES VIEIRA               RUA FRANCISCO TORQUILHO, LOTE 43 B      SAO MATEUS -25500000SAO JOAO DE MERRJUNIAO UMB DOS CULTOS AFRO BRAS    22121710 000032
10231987175000168916200163100    00003611                     000036110000000000000109                     I023611      22121700000000350003410000017N171117104700000000000102212170000000000000000000000000000000000000000100059099747772EULINA LUCIA RODRIGUES DE SOUZ          RUA XAVIER DOS PASSAROS, 18 FUNDOS      PIEDADE - RJ20740330RIO DE JANEIRO RJUNIAO UMB DOS CULTOS AFRO BRAS    22121710 000033
10231987175000168916200163100    00003549                     000035490000000000000109                     I343549      22121700000000350003410000017N171117104700000000000102212170000000000000000000000000000000000000000100003666096700MARIA DOS SANTOS MACHADO                RUA JOAO RAIMUNDO, QUADRA 3 LOTE 13     VILA SANTO A25041400DUQUE DE CAXIASRJUNIAO UMB DOS CULTOS AFRO BRAS    22121710 000034
10231987175000168916200163100    00003526                     000035260000000000000109                     I023526      22121700000000350003410000017N171117104700000000000102212170000000000000000000000000000000000000000100058375562734NOELIA NOEMIA PIRES FERREIRA            AV. EUCLIDES DA CUNHA N° 100 A         V. SAO JOAO 22790702RIO DE JANEIRO RJUNIAO UMB DOS CULTOS AFRO BRAS    22121710 000035
10231987175000168916200163100    00003466                     000034660000000000000109                     I023466      22121700000000350003410000017N171117104700000000000102212170000000000000000000000000000000000000000100098546686734MARCIO NEVES                            RUA FLORIANOPOLIS N 63                  PRACA SECA -21321050RIO DE JANEIRO RJUNIAO UMB DOS CULTOS AFRO BRAS    22121710 000036
10231987175000168916200163100    00003370                     000033700000000000000109                     I023370      22121700000000350003410000017N171117104700000000000102212170000000000000000000000000000000000000000200000000007152LECY PEREIRA CARDOSO                    ESTRADA DO CARRO QUEBRADO N 639 CASA 1  FIGUEIRAS - 26051740NOVA IGUACU    RJUNIAO UMB DOS CULTOS AFRO BRAS    22121710 000037
10231987175000168916200163100    00003369                     000033690000000000000109                     I023369      22121700000000350003410000017N171117104700000000000102212170000000000000000000000000000000000000000100082347301772MARISTELA TORQUATO SILVA BRITT          O MESMO                                 O MESMO     26535340NILOPOLIS      RJUNIAO UMB DOS CULTOS AFRO BRAS    22121710 000038
10231987175000168916200163100    00003288                     000032880000000000000109                     I023288      22121700000000350003410000017N171117104700000000000102212170000000000000000000000000000000000000000100021153132753VALDAIR DE ABREU PEREIRA                RUA ITAPARA, 51                         BANGU - RJ  21840170RIO DE JANEIRO RJUNIAO UMB DOS CULTOS AFRO BRAS    22121710 000039
10231987175000168916200163100    00002836                     000028360000000000000109                     I022836      31121700000000035003410000017N131117104700000000000103112170000000000000000000000000000000000000000100090100328768VANDA DA SILVA MARQUES                  RUA TAIUVA, 117 FUNDOS                  PADRE MIGUEL21775450RIO DE JANEIRO RJUNIAO UMB DOS CULTOS AFRO BRAS    31121710 000040
10231987175000168916200163100    00002785                     000027850000000000000109                     I022785      31121700000000035003410000017N131117104700000000000103112170000000000000000000000000000000000000000100004245693703JONETE DA SILVA FRANCISCO               RUA MOZART FIRMESA, 20 COBERTURA 303    RECREIO - RJ22795365RIO DE JANEIRO RJUNIAO UMB DOS CULTOS AFRO BRAS    31121710 000041
10231987175000168916200163100    00002401                     000024010000000000000109                     I342401      31121700000000035003410000017N131117104700000000000103112170000000000000000000000000000000000000000200000000010582NILO SERGIO SANTOS BARCELLOS            ESTRADA CORONEL VIEIRA, 134 BLOCO 4 APTOIRAJA - RJ  21220310RIO DE JANEIRO RJUNIAO UMB DOS CULTOS AFRO BRAS    31121710 000042
10231987175000168916200163100    00002059                     000020590000000000000109                     I022059      31121700000000035003410000017N131117104700000000000103112170000000000000000000000000000000000000000100003666096700MARIA DOS SANTOS MACHADO                RUA JOAO RAIMUNDO, QUADRA 3 LOTE 13     VILA SANTO A25041400DUQUE DE CAXIASRJUNIAO UMB DOS CULTOS AFRO BRAS    31121710 000043
9                                                                                                                                                                                                                                                                                                                                                                                                         000044
