01REMESSA01COBRANCA       817800093673        União Umb dos Cultos Afro Bra341BANCO ITAU SA  080119                                                                                                                                                                                                                                                                                                      000001
10231987175000168817800093673    000039304                    000393040000000000000109                     I0239304     30031900000000040003410000017N261218104700000000000103003190000000000000000000000000000000000000000100070550891749CELSO POYDO MENDES                      RUA: SOUZA FREITAS                      PILARES     20760710RIO DE JANEIRO RJUNIAO UMB DOS CULTOS AFRO BRAS    30031910 000002
10231987175000168817800093673    000039279                    000392790000000000000109                     I0239279     30031900000000040003410000017N261218104700000000000103003190000000000000000000000000000000000000000100045965986734ELISABETH BARRETO DO COUTO ALV          RUA SAMUEL GUIMARAES                    SAO FRANCISC22270000RIO DE JANEIRO RJUNIAO UMB DOS CULTOS AFRO BRAS    30031910 000003
10231987175000168817800093673    000039257                    000392570000000000000109                     I0239257     30031900000000040003410000017N261218104700000000000103003190000000000000000000000000000000000000000100059622091768ALDA GOMES DA SILVA                     RUA: VILA DOZE                          JARDIM PALMA23066186RIO DE JANEIRO RJUNIAO UMB DOS CULTOS AFRO BRAS    30031910 000004
10231987175000168817800093673    000039214                    000392140000000000000109                     I0239214     30031900000000040003410000017N261218104700000000000103003190000000000000000000000000000000000000000100008046598771ANTONIO DA SILVA BARBOSA                MARIA JOSE FERREIRA DUARTE              ERMITAGE    25975780TERESOPOLIS    RJUNIAO UMB DOS CULTOS AFRO BRAS    30031910 000005
10231987175000168817800093673    000039022                    000390220000000000000109                     I0239022     30031900000000040003410000017N261218104700000000000103003190000000000000000000000000000000000000000100003410130721ADELISE DE FREITAS PALACIO              RUA EMBIRI                              BENTO RIBEIR21331690RIO DE JANEIRO RJUNIAO UMB DOS CULTOS AFRO BRAS    30031910 000006
10231987175000168817800093673    000038962                    000389620000000000000109                     I0238962     30031900000000040003410000017N261218104700000000000103003190000000000000000000000000000000000000000100015116578712RAFAEL DE LIMA FALCAO                   RUA BARRA DO CHOCA                      GUARATIBA   23028510RIO DE JANEIRO RJUNIAO UMB DOS CULTOS AFRO BRAS    30031910 000007
10231987175000168817800093673    000038924                    000389240000000000000109                     I0238924     30031900000000040003410000017N261218104700000000000103003190000000000000000000000000000000000000000100006003348720JONATHAN DE OLIVEIRA RIBEIRO            RUA HELVECIO PIMENTA                    RETIRO      27281347VOLTA REDONDA  RJUNIAO UMB DOS CULTOS AFRO BRAS    30031910 000008
10231987175000168817800093673    000038860                    000388600000000000000109                     I0238860     30031900000000040003410000017N261218104700000000000103003190000000000000000000000000000000000000000100091323762787MARIA ISABEL DE ALBUQUERQUE PI          RUA JUIZ JOSE PELINE                    VALVERDE    26290639NOVA IGUACU    RJUNIAO UMB DOS CULTOS AFRO BRAS    30031910 000009
10231987175000168817800093673    000038848                    000388480000000000000109                     I0238848     30031900000000040003410000017N261218104700000000000103003190000000000000000000000000000000000000000100002083733738SELMA ESTEVES DE MORAIS                 RUA AZAMOR                              LINS DE VASC20710120RIO DE JANEIRO RJUNIAO UMB DOS CULTOS AFRO BRAS    30031910 000010
10231987175000168817800093673    000038833                    000388330000000000000109                     I0238833     30031900000000040003410000017N261218104700000000000103003190000000000000000000000000000000000000000100004762099783MARLENE DA CONCEICAO BARRETO            RUA TEIXEIRA DE FREITAS                 FONSECA     24130616RIO DE JANEIRO RJUNIAO UMB DOS CULTOS AFRO BRAS    30031910 000011
10231987175000168817800093673    000038817                    000388170000000000000109                     I0238817     30031900000000040003410000017N261218104700000000000103003190000000000000000000000000000000000000000100009711789760RICARDO VICENTE DE SOUZA                RUA HENRIQUETA                          LARGO DO TAN22735130RIO DE JANEIRO RJUNIAO UMB DOS CULTOS AFRO BRAS    30031910 000012
10231987175000168817800093673    000038784                    000387840000000000000109                     I0238784     30031900000000040003410000017N261218104700000000000103003190000000000000000000000000000000000000000100077176677700JOSEMAR DE OLIVEIRA SODRE               RUA GONCALO BELIZARIO                   ALMERINDA   24745030SAO GONCALO    RJUNIAO UMB DOS CULTOS AFRO BRAS    30031910 000013
10231987175000168817800093673    000038759                    000387590000000000000109                     I0238759     30031900000000040003410000017N261218104700000000000103003190000000000000000000000000000000000000000100098098365700TANIA MARIA DA CRUZ MOREIRA             RUA MARIA JOSE JANUARIO                 MADAME MACHA25745716PETROPOLIS     RJUNIAO UMB DOS CULTOS AFRO BRAS    30031910 000014
10231987175000168817800093673    000038544                    000385440000000000000109                     I0238544     30031900000000040003410000017N261218104700000000000103003190000000000000000000000000000000000000000100066255970744MARIA HELENA OLIVEIRA ALBUQUER          RUA CONDE DE RESENDE                    BENTO RIBEIR21550600RIO DE JANEIRO RJUNIAO UMB DOS CULTOS AFRO BRAS    30031910 000015
10231987175000168817800093673    000038532                    000385320000000000000109                     I0238532     30031900000000040003410000017N261218104700000000000103003190000000000000000000000000000000000000000100086257277787WLADIMIR DO CARMO PINTO                 RUA ARLETE CELESTINO AYRES VANDERLEY    JARDIM SULAC21745650RIO DE JANEIRO RJUNIAO UMB DOS CULTOS AFRO BRAS    30031910 000016
10231987175000168817800093673    000038443                    000384430000000000000109                     I0238443     30031900000000040003410000017N261218104700000000000103003190000000000000000000000000000000000000000100007304913746FATIMA ROGERIA RODRIGUES DE ME          RUA DONA LUCIANA                        VARZEA ALEGR25940000GUAPIMIRIM     RJUNIAO UMB DOS CULTOS AFRO BRAS    30031910 000017
10231987175000168817800093673    000038370                    000383700000000000000109                     I0238370     30031900000000040003410000017N261218104700000000000103003190000000000000000000000000000000000000000100088513505749IDALINA BONIFACIO GUIRA                 RUA CYRENE MORAES COSTA                 CENTRO      26389000RIO DE JANEIRO RJUNIAO UMB DOS CULTOS AFRO BRAS    30031910 000018
10231987175000168817800093673    000038329                    000383290000000000000109                     I0238329     30031900000000040003410000017N261218104700000000000103003190000000000000000000000000000000000000000100036924997791EDILBERTO CAMPOS BRANDAO                RUA PERIANDRO JOSE DE MOURA             CANAL - 1º 25916256MAGE           RJUNIAO UMB DOS CULTOS AFRO BRAS    30031910 000019
10231987175000168817800093673    000038189                    000381890000000000000109                     I0238189     30031900000000040003410000017N261218104700000000000103003190000000000000000000000000000000000000000100009527172713FABIANA DA SILVA FERNANDES              RUA ITAPACI                             COSMOS      23060440RIO DE JANEIRO RJUNIAO UMB DOS CULTOS AFRO BRAS    30031910 000020
10231987175000168817800093673    000038106                    000381060000000000000109                     I0238106     30031900000000040003410000017N261218104700000000000103003190000000000000000000000000000000000000000100002861492732JUCARA DOS SANTOS NUNES                 RUA CORONEL SOARES                      IRAJA       21540501RIO DE JANEIRO RJUNIAO UMB DOS CULTOS AFRO BRAS    30031910 000021
10231987175000168817800093673    000038039                    000380390000000000000109                     I0238039     30031900000000045003410000017N261218104700000000000103003190000000000000000000000000000000000000000100090853784787MARIA LUCIA PEREIRA DA SILVA            RUA CORACAO DE MARIA                    MEIER       20775050RIO DE JANEIRO RJUNIAO UMB DOS CULTOS AFRO BRAS    30031910 000022
10231987175000168817800093673    000037824                    000378240000000000000109                     I0237824     30031900000000040003410000017N261218104700000000000103003190000000000000000000000000000000000000000100006885221732REGINA CELIA DA SILVA LINS              CONDOMINIO PASSAREDO                    CAMINHO DE B28921100RIO DE JANEIRO RJUNIAO UMB DOS CULTOS AFRO BRAS    30031910 000023
10231987175000168817800093673    000037810                    000378100000000000000109                     I0237810     30031900000000040003410000017N261218104700000000000103003190000000000000000000000000000000000000000100079758517791NEY PEREIRA LEITE                       RUA MARECHAL MARCIANO                   REALENGO    21735651RIO DE JANEIRO RJUNIAO UMB DOS CULTOS AFRO BRAS    30031910 000024
10231987175000168817800093673    000037766                    000377660000000000000109                     I0237766     30031900000000040003410000017N261218104700000000000103003190000000000000000000000000000000000000000100092069959791PATRICIA RIBEIRO DE ALCANTARA           RUA ENEIAS MIRANDA                      GRANDE RIO  25540000SAO JOAO DE MERRJUNIAO UMB DOS CULTOS AFRO BRAS    30031910 000025
10231987175000168817800093673    000037730                    000377300000000000000109                     I0237730     30031900000000040003410000017N261218104700000000000103003190000000000000000000000000000000000000000100000000000000GERALDA NERIS DOS SANTOS                ESTRADA DO TAQUARAL                     SENADOR CAMA21843000RIO DE JANEIRO RJUNIAO UMB DOS CULTOS AFRO BRAS    30031910 000026
10231987175000168817800093673    000037705                    000377050000000000000109                     I0237705     30031900000000040003410000017N261218104700000000000103003190000000000000000000000000000000000000000100003250127760MARIA ZULEICA CRUZ DA SILVA             ESTRADA DOUTOR PLINIO CASADO            PARQUE ROSAR26010421NOVA IGUACU    RJUNIAO UMB DOS CULTOS AFRO BRAS    30031910 000027
10231987175000168817800093673    000037653                    000376530000000000000109                     I0237653     30031900000000040003410000017N261218104700000000000103003190000000000000000000000000000000000000000100081959222791MARIA DA GLORIA DE OLIVEIRA RO          RUA VICENTE CARDOSO                     GRADIM      24431400SAO GONCALO    RJUNIAO UMB DOS CULTOS AFRO BRAS    30031910 000028
10231987175000168817800093673    000037555                    000375550000000000000109                     I0237555     30031900000000040003410000017N261218104700000000000103003190000000000000000000000000000000000000000100050965158772NORMA GONCALVES DIAS                    RUA MARQUES DE QUELUZ                   IRAJA       21235120RIO DE JANEIRO RJUNIAO UMB DOS CULTOS AFRO BRAS    30031910 000029
10231987175000168817800093673    000037549                    000375490000000000000109                     I0237549     30031900000000040003410000017N261218104700000000000103003190000000000000000000000000000000000000000100099718928715ELAINE MAIA DE MOURA                    RUA DOUTOR LUIZ SOBRAL                  TOMAZINHO   25525520SAO JOAO DE MERRJUNIAO UMB DOS CULTOS AFRO BRAS    30031910 000030
10231987175000168817800093673    000037385                    000373850000000000000109                     I0237385     28021900000000040003410000017N261218104700000000000102802190000000000000000000000000000000000000000100070550891749CELSO POYDO MENDES                      RUA: SOUZA FREITAS                      PILARES     20760710RIO DE JANEIRO RJUNIAO UMB DOS CULTOS AFRO BRAS    28021910 000031
10231987175000168817800093673    000037360                    000373600000000000000109                     I0237360     28021900000000040003410000017N261218104700000000000102802190000000000000000000000000000000000000000100045965986734ELISABETH BARRETO DO COUTO ALV          RUA SAMUEL GUIMARAES                    SAO FRANCISC22270000RIO DE JANEIRO RJUNIAO UMB DOS CULTOS AFRO BRAS    28021910 000032
10231987175000168817800093673    000037338                    000373380000000000000109                     I0237338     28021900000000040003410000017N261218104700000000000102802190000000000000000000000000000000000000000100059622091768ALDA GOMES DA SILVA                     RUA: VILA DOZE                          JARDIM PALMA23066186RIO DE JANEIRO RJUNIAO UMB DOS CULTOS AFRO BRAS    28021910 000033
10231987175000168817800093673    000037295                    000372950000000000000109                     I0237295     28021900000000040003410000017N261218104700000000000102802190000000000000000000000000000000000000000100008046598771ANTONIO DA SILVA BARBOSA                MARIA JOSE FERREIRA DUARTE              ERMITAGE    25975780TERESOPOLIS    RJUNIAO UMB DOS CULTOS AFRO BRAS    28021910 000034
10231987175000168817800093673    000037150                    000371500000000000000109                     I0237150     28021900000000040003410000017N261218104700000000000102802190000000000000000000000000000000000000000100062988050791REGINA LUCIA DE SOUZA SANTOS            RUA ENGENHEIRO LAFAYETE STOCKLER        VILA DA PENH21221390RIO DE JANEIRO RJUNIAO UMB DOS CULTOS AFRO BRAS    28021910 000035
10231987175000168817800093673    000037103                    000371030000000000000109                     I0237103     28021900000000040003410000017N261218104700000000000102802190000000000000000000000000000000000000000100003410130721ADELISE DE FREITAS PALACIO              RUA EMBIRI                              BENTO RIBEIR21331690RIO DE JANEIRO RJUNIAO UMB DOS CULTOS AFRO BRAS    28021910 000036
10231987175000168817800093673    000037043                    000370430000000000000109                     I0237043     28021900000000040003410000017N261218104700000000000102802190000000000000000000000000000000000000000100015116578712RAFAEL DE LIMA FALCAO                   RUA BARRA DO CHOCA                      GUARATIBA   23028510RIO DE JANEIRO RJUNIAO UMB DOS CULTOS AFRO BRAS    28021910 000037
10231987175000168817800093673    000037005                    000370050000000000000109                     I0237005     28021900000000040003410000017N261218104700000000000102802190000000000000000000000000000000000000000100006003348720JONATHAN DE OLIVEIRA RIBEIRO            RUA HELVECIO PIMENTA                    RETIRO      27281347VOLTA REDONDA  RJUNIAO UMB DOS CULTOS AFRO BRAS    28021910 000038
10231987175000168817800093673    000036941                    000369410000000000000109                     I0236941     28021900000000040003410000017N261218104700000000000102802190000000000000000000000000000000000000000100091323762787MARIA ISABEL DE ALBUQUERQUE PI          RUA JUIZ JOSE PELINE                    VALVERDE    26290639NOVA IGUACU    RJUNIAO UMB DOS CULTOS AFRO BRAS    28021910 000039
10231987175000168817800093673    000036929                    000369290000000000000109                     I0236929     28021900000000040003410000017N261218104700000000000102802190000000000000000000000000000000000000000100002083733738SELMA ESTEVES DE MORAIS                 RUA AZAMOR                              LINS DE VASC20710120RIO DE JANEIRO RJUNIAO UMB DOS CULTOS AFRO BRAS    28021910 000040
10231987175000168817800093673    000036914                    000369140000000000000109                     I0236914     28021900000000040003410000017N261218104700000000000102802190000000000000000000000000000000000000000100004762099783MARLENE DA CONCEICAO BARRETO            RUA TEIXEIRA DE FREITAS                 FONSECA     24130616RIO DE JANEIRO RJUNIAO UMB DOS CULTOS AFRO BRAS    28021910 000041
10231987175000168817800093673    000036898                    000368980000000000000109                     I0236898     28021900000000040003410000017N261218104700000000000102802190000000000000000000000000000000000000000100009711789760RICARDO VICENTE DE SOUZA                RUA HENRIQUETA                          LARGO DO TAN22735130RIO DE JANEIRO RJUNIAO UMB DOS CULTOS AFRO BRAS    28021910 000042
10231987175000168817800093673    000036865                    000368650000000000000109                     I0236865     28021900000000040003410000017N261218104700000000000102802190000000000000000000000000000000000000000100077176677700JOSEMAR DE OLIVEIRA SODRE               RUA GONCALO BELIZARIO                   ALMERINDA   24745030SAO GONCALO    RJUNIAO UMB DOS CULTOS AFRO BRAS    28021910 000043
10231987175000168817800093673    000036840                    000368400000000000000109                     I0236840     28021900000000040003410000017N261218104700000000000102802190000000000000000000000000000000000000000100098098365700TANIA MARIA DA CRUZ MOREIRA             RUA MARIA JOSE JANUARIO                 MADAME MACHA25745716PETROPOLIS     RJUNIAO UMB DOS CULTOS AFRO BRAS    28021910 000044
10231987175000168817800093673    000036627                    000366270000000000000109                     I0236627     28021900000000040003410000017N261218104700000000000102802190000000000000000000000000000000000000000100066255970744MARIA HELENA OLIVEIRA ALBUQUER          RUA CONDE DE RESENDE                    BENTO RIBEIR21550600RIO DE JANEIRO RJUNIAO UMB DOS CULTOS AFRO BRAS    28021910 000045
10231987175000168817800093673    000036615                    000366150000000000000109                     I0236615     28021900000000040003410000017N261218104700000000000102802190000000000000000000000000000000000000000100086257277787WLADIMIR DO CARMO PINTO                 RUA ARLETE CELESTINO AYRES VANDERLEY    JARDIM SULAC21745650RIO DE JANEIRO RJUNIAO UMB DOS CULTOS AFRO BRAS    28021910 000046
10231987175000168817800093673    000036526                    000365260000000000000109                     I0236526     28021900000000040003410000017N261218104700000000000102802190000000000000000000000000000000000000000100007304913746FATIMA ROGERIA RODRIGUES DE ME          RUA DONA LUCIANA                        VARZEA ALEGR25940000GUAPIMIRIM     RJUNIAO UMB DOS CULTOS AFRO BRAS    28021910 000047
10231987175000168817800093673    000036453                    000364530000000000000109                     I0236453     28021900000000040003410000017N261218104700000000000102802190000000000000000000000000000000000000000100088513505749IDALINA BONIFACIO GUIRA                 RUA CYRENE MORAES COSTA                 CENTRO      26389000RIO DE JANEIRO RJUNIAO UMB DOS CULTOS AFRO BRAS    28021910 000048
10231987175000168817800093673    000036412                    000364120000000000000109                     I0236412     28021900000000040003410000017N261218104700000000000102802190000000000000000000000000000000000000000100036924997791EDILBERTO CAMPOS BRANDAO                RUA PERIANDRO JOSE DE MOURA             CANAL - 1º 25916256MAGE           RJUNIAO UMB DOS CULTOS AFRO BRAS    28021910 000049
10231987175000168817800093673    000036273                    000362730000000000000109                     I0236273     28021900000000040003410000017N261218104700000000000102802190000000000000000000000000000000000000000100009527172713FABIANA DA SILVA FERNANDES              RUA ITAPACI                             COSMOS      23060440RIO DE JANEIRO RJUNIAO UMB DOS CULTOS AFRO BRAS    28021910 000050
10231987175000168817800093673    000036190                    000361900000000000000109                     I0236190     28021900000000040003410000017N261218104700000000000102802190000000000000000000000000000000000000000100002861492732JUCARA DOS SANTOS NUNES                 RUA CORONEL SOARES                      IRAJA       21540501RIO DE JANEIRO RJUNIAO UMB DOS CULTOS AFRO BRAS    28021910 000051
10231987175000168817800093673    000036124                    000361240000000000000109                     I0236124     28021900000000045003410000017N261218104700000000000102802190000000000000000000000000000000000000000100090853784787MARIA LUCIA PEREIRA DA SILVA            RUA CORACAO DE MARIA                    MEIER       20775050RIO DE JANEIRO RJUNIAO UMB DOS CULTOS AFRO BRAS    28021910 000052
10231987175000168817800093673    000035910                    000359100000000000000109                     I0235910     28021900000000040003410000017N261218104700000000000102802190000000000000000000000000000000000000000100006885221732REGINA CELIA DA SILVA LINS              CONDOMINIO PASSAREDO                    CAMINHO DE B28921100RIO DE JANEIRO RJUNIAO UMB DOS CULTOS AFRO BRAS    28021910 000053
10231987175000168817800093673    000035896                    000358960000000000000109                     I0235896     28021900000000040003410000017N261218104700000000000102802190000000000000000000000000000000000000000100079758517791NEY PEREIRA LEITE                       RUA MARECHAL MARCIANO                   REALENGO    21735651RIO DE JANEIRO RJUNIAO UMB DOS CULTOS AFRO BRAS    28021910 000054
10231987175000168817800093673    000035852                    000358520000000000000109                     I0235852     28021900000000040003410000017N261218104700000000000102802190000000000000000000000000000000000000000100092069959791PATRICIA RIBEIRO DE ALCANTARA           RUA ENEIAS MIRANDA                      GRANDE RIO  25540000SAO JOAO DE MERRJUNIAO UMB DOS CULTOS AFRO BRAS    28021910 000055
10231987175000168817800093673    000035817                    000358170000000000000109                     I0235817     28021900000000040003410000017N261218104700000000000102802190000000000000000000000000000000000000000100000000000000GERALDA NERIS DOS SANTOS                ESTRADA DO TAQUARAL                     SENADOR CAMA21843000RIO DE JANEIRO RJUNIAO UMB DOS CULTOS AFRO BRAS    28021910 000056
10231987175000168817800093673    000035792                    000357920000000000000109                     I0235792     28021900000000040003410000017N261218104700000000000102802190000000000000000000000000000000000000000100003250127760MARIA ZULEICA CRUZ DA SILVA             ESTRADA DOUTOR PLINIO CASADO            PARQUE ROSAR26010421NOVA IGUACU    RJUNIAO UMB DOS CULTOS AFRO BRAS    28021910 000057
10231987175000168817800093673    000035740                    000357400000000000000109                     I0235740     28021900000000040003410000017N261218104700000000000102802190000000000000000000000000000000000000000100081959222791MARIA DA GLORIA DE OLIVEIRA RO          RUA VICENTE CARDOSO                     GRADIM      24431400SAO GONCALO    RJUNIAO UMB DOS CULTOS AFRO BRAS    28021910 000058
10231987175000168817800093673    000035643                    000356430000000000000109                     I0235643     28021900000000040003410000017N261218104700000000000102802190000000000000000000000000000000000000000100050965158772NORMA GONCALVES DIAS                    RUA MARQUES DE QUELUZ                   IRAJA       21235120RIO DE JANEIRO RJUNIAO UMB DOS CULTOS AFRO BRAS    28021910 000059
10231987175000168817800093673    000035637                    000356370000000000000109                     I0235637     28021900000000040003410000017N261218104700000000000102802190000000000000000000000000000000000000000100099718928715ELAINE MAIA DE MOURA                    RUA DOUTOR LUIZ SOBRAL                  TOMAZINHO   25525520SAO JOAO DE MERRJUNIAO UMB DOS CULTOS AFRO BRAS    28021910 000060
10231987175000168817800093673    000035472                    000354720000000000000109                     I0235472     31011900000000040003410000017N261218104700000000000103101190000000000000000000000000000000000000000100070550891749CELSO POYDO MENDES                      RUA: SOUZA FREITAS                      PILARES     20760710RIO DE JANEIRO RJUNIAO UMB DOS CULTOS AFRO BRAS    31011910 000061
10231987175000168817800093673    000035447                    000354470000000000000109                     I0235447     31011900000000040003410000017N261218104700000000000103101190000000000000000000000000000000000000000100045965986734ELISABETH BARRETO DO COUTO ALV          RUA SAMUEL GUIMARAES                    SAO FRANCISC22270000RIO DE JANEIRO RJUNIAO UMB DOS CULTOS AFRO BRAS    31011910 000062
10231987175000168817800093673    000035425                    000354250000000000000109                     I0235425     31011900000000040003410000017N261218104700000000000103101190000000000000000000000000000000000000000100059622091768ALDA GOMES DA SILVA                     RUA: VILA DOZE                          JARDIM PALMA23066186RIO DE JANEIRO RJUNIAO UMB DOS CULTOS AFRO BRAS    31011910 000063
10231987175000168817800093673    000035382                    000353820000000000000109                     I0235382     31011900000000040003410000017N261218104700000000000103101190000000000000000000000000000000000000000100008046598771ANTONIO DA SILVA BARBOSA                MARIA JOSE FERREIRA DUARTE              ERMITAGE    25975780TERESOPOLIS    RJUNIAO UMB DOS CULTOS AFRO BRAS    31011910 000064
10231987175000168817800093673    000035239                    000352390000000000000109                     I0235239     31011900000000040003410000017N261218104700000000000103101190000000000000000000000000000000000000000100062988050791REGINA LUCIA DE SOUZA SANTOS            RUA ENGENHEIRO LAFAYETE STOCKLER        VILA DA PENH21221390RIO DE JANEIRO RJUNIAO UMB DOS CULTOS AFRO BRAS    31011910 000065
10231987175000168817800093673    000035208                    000352080000000000000109                     I0235208     31011900000000040003410000017N261218104700000000000103101190000000000000000000000000000000000000000100001430160756RITA DE CASSIA CORMACK DE CARV          RUA: MANOEL IVO                         VILA TRES - 24711030SAO GONCALO    RJUNIAO UMB DOS CULTOS AFRO BRAS    31011910 000066
10231987175000168817800093673    000035192                    000351920000000000000109                     I0235192     31011900000000040003410000017N261218104700000000000103101190000000000000000000000000000000000000000100003410130721ADELISE DE FREITAS PALACIO              RUA EMBIRI                              BENTO RIBEIR21331690RIO DE JANEIRO RJUNIAO UMB DOS CULTOS AFRO BRAS    31011910 000067
10231987175000168817800093673    000035132                    000351320000000000000109                     I0235132     31011900000000040003410000017N261218104700000000000103101190000000000000000000000000000000000000000100015116578712RAFAEL DE LIMA FALCAO                   RUA BARRA DO CHOCA                      GUARATIBA   23028510RIO DE JANEIRO RJUNIAO UMB DOS CULTOS AFRO BRAS    31011910 000068
10231987175000168817800093673    000035095                    000350950000000000000109                     I0235095     31011900000000040003410000017N261218104700000000000103101190000000000000000000000000000000000000000100006003348720JONATHAN DE OLIVEIRA RIBEIRO            RUA HELVECIO PIMENTA                    RETIRO      27281347VOLTA REDONDA  RJUNIAO UMB DOS CULTOS AFRO BRAS    31011910 000069
10231987175000168817800093673    000035031                    000350310000000000000109                     I0235031     31011900000000040003410000017N261218104700000000000103101190000000000000000000000000000000000000000100091323762787MARIA ISABEL DE ALBUQUERQUE PI          RUA JUIZ JOSE PELINE                    VALVERDE    26290639NOVA IGUACU    RJUNIAO UMB DOS CULTOS AFRO BRAS    31011910 000070
10231987175000168817800093673    000035019                    000350190000000000000109                     I0235019     31011900000000040003410000017N261218104700000000000103101190000000000000000000000000000000000000000100002083733738SELMA ESTEVES DE MORAIS                 RUA AZAMOR                              LINS DE VASC20710120RIO DE JANEIRO RJUNIAO UMB DOS CULTOS AFRO BRAS    31011910 000071
10231987175000168817800093673    000035004                    000350040000000000000109                     I0235004     31011900000000040003410000017N261218104700000000000103101190000000000000000000000000000000000000000100004762099783MARLENE DA CONCEICAO BARRETO            RUA TEIXEIRA DE FREITAS                 FONSECA     24130616RIO DE JANEIRO RJUNIAO UMB DOS CULTOS AFRO BRAS    31011910 000072
10231987175000168817800093673    000034988                    000349880000000000000109                     I0234988     31011900000000040003410000017N261218104700000000000103101190000000000000000000000000000000000000000100009711789760RICARDO VICENTE DE SOUZA                RUA HENRIQUETA                          LARGO DO TAN22735130RIO DE JANEIRO RJUNIAO UMB DOS CULTOS AFRO BRAS    31011910 000073
10231987175000168817800093673    000034955                    000349550000000000000109                     I0234955     31011900000000040003410000017N261218104700000000000103101190000000000000000000000000000000000000000100077176677700JOSEMAR DE OLIVEIRA SODRE               RUA GONCALO BELIZARIO                   ALMERINDA   24745030SAO GONCALO    RJUNIAO UMB DOS CULTOS AFRO BRAS    31011910 000074
10231987175000168817800093673    000034930                    000349300000000000000109                     I0234930     31011900000000040003410000017N261218104700000000000103101190000000000000000000000000000000000000000100098098365700TANIA MARIA DA CRUZ MOREIRA             RUA MARIA JOSE JANUARIO                 MADAME MACHA25745716PETROPOLIS     RJUNIAO UMB DOS CULTOS AFRO BRAS    31011910 000075
10231987175000168817800093673    000034717                    000347170000000000000109                     I0234717     31011900000000040003410000017N261218104700000000000103101190000000000000000000000000000000000000000100066255970744MARIA HELENA OLIVEIRA ALBUQUER          RUA CONDE DE RESENDE                    BENTO RIBEIR21550600RIO DE JANEIRO RJUNIAO UMB DOS CULTOS AFRO BRAS    31011910 000076
10231987175000168817800093673    000034705                    000347050000000000000109                     I0234705     31011900000000040003410000017N261218104700000000000103101190000000000000000000000000000000000000000100086257277787WLADIMIR DO CARMO PINTO                 RUA ARLETE CELESTINO AYRES VANDERLEY    JARDIM SULAC21745650RIO DE JANEIRO RJUNIAO UMB DOS CULTOS AFRO BRAS    31011910 000077
10231987175000168817800093673    000034617                    000346170000000000000109                     I0234617     31011900000000040003410000017N261218104700000000000103101190000000000000000000000000000000000000000100007304913746FATIMA ROGERIA RODRIGUES DE ME          RUA DONA LUCIANA                        VARZEA ALEGR25940000GUAPIMIRIM     RJUNIAO UMB DOS CULTOS AFRO BRAS    31011910 000078
10231987175000168817800093673    000034544                    000345440000000000000109                     I0234544     31011900000000040003410000017N261218104700000000000103101190000000000000000000000000000000000000000100088513505749IDALINA BONIFACIO GUIRA                 RUA CYRENE MORAES COSTA                 CENTRO      26389000RIO DE JANEIRO RJUNIAO UMB DOS CULTOS AFRO BRAS    31011910 000079
10231987175000168817800093673    000034518                    000345180000000000000109                     I0234518     31011900000000040003410000017N261218104700000000000103101190000000000000000000000000000000000000000100059374179768ROSANGELA MARIA DE CASTRO BEZE          RUA DONA ISABEL                         BONSUCESSO  21032060RIO DE JANEIRO RJUNIAO UMB DOS CULTOS AFRO BRAS    31011910 000080
10231987175000168817800093673    000034503                    000345030000000000000109                     I0234503     31011900000000040003410000017N261218104700000000000103101190000000000000000000000000000000000000000100036924997791EDILBERTO CAMPOS BRANDAO                RUA PERIANDRO JOSE DE MOURA             CANAL - 1º 25916256MAGE           RJUNIAO UMB DOS CULTOS AFRO BRAS    31011910 000081
10231987175000168817800093673    000034365                    000343650000000000000109                     I0234365     31011900000000040003410000017N261218104700000000000103101190000000000000000000000000000000000000000100009527172713FABIANA DA SILVA FERNANDES              RUA ITAPACI                             COSMOS      23060440RIO DE JANEIRO RJUNIAO UMB DOS CULTOS AFRO BRAS    31011910 000082
10231987175000168817800093673    000034282                    000342820000000000000109                     I0234282     31011900000000040003410000017N261218104700000000000103101190000000000000000000000000000000000000000100002861492732JUCARA DOS SANTOS NUNES                 RUA CORONEL SOARES                      IRAJA       21540501RIO DE JANEIRO RJUNIAO UMB DOS CULTOS AFRO BRAS    31011910 000083
10231987175000168817800093673    000034271                    000342710000000000000109                     I0234271     31011900000000040003410000017N261218104700000000000103101190000000000000000000000000000000000000000100008016237746RAFAEL GRACA PEREIRA                    ESTRADA DA COVANCA                      TANQUE - JAC22735020RIO DE JANEIRO RJUNIAO UMB DOS CULTOS AFRO BRAS    31011910 000084
10231987175000168817800093673    000034216                    000342160000000000000109                     I0234216     31011900000000045003410000017N261218104700000000000103101190000000000000000000000000000000000000000100090853784787MARIA LUCIA PEREIRA DA SILVA            RUA CORACAO DE MARIA                    MEIER       20775050RIO DE JANEIRO RJUNIAO UMB DOS CULTOS AFRO BRAS    31011910 000085
10231987175000168817800093673    000034006                    000340060000000000000109                     I0234006     31011900000000040003410000017N261218104700000000000103101190000000000000000000000000000000000000000100006885221732REGINA CELIA DA SILVA LINS              CONDOMINIO PASSAREDO                    CAMINHO DE B28921100RIO DE JANEIRO RJUNIAO UMB DOS CULTOS AFRO BRAS    31011910 000086
10231987175000168817800093673    000033992                    000339920000000000000109                     I0233992     31011900000000040003410000017N261218104700000000000103101190000000000000000000000000000000000000000100079758517791NEY PEREIRA LEITE                       RUA MARECHAL MARCIANO                   REALENGO    21735651RIO DE JANEIRO RJUNIAO UMB DOS CULTOS AFRO BRAS    31011910 000087
10231987175000168817800093673    000033948                    000339480000000000000109                     I0233948     31011900000000040003410000017N261218104700000000000103101190000000000000000000000000000000000000000100092069959791PATRICIA RIBEIRO DE ALCANTARA           RUA ENEIAS MIRANDA                      GRANDE RIO  25540000SAO JOAO DE MERRJUNIAO UMB DOS CULTOS AFRO BRAS    31011910 000088
10231987175000168817800093673    000033914                    000339140000000000000109                     I0233914     31011900000000040003410000017N261218104700000000000103101190000000000000000000000000000000000000000100000000000000GERALDA NERIS DOS SANTOS                ESTRADA DO TAQUARAL                     SENADOR CAMA21843000RIO DE JANEIRO RJUNIAO UMB DOS CULTOS AFRO BRAS    31011910 000089
10231987175000168817800093673    000033889                    000338890000000000000109                     I0233889     31011900000000040003410000017N261218104700000000000103101190000000000000000000000000000000000000000100003250127760MARIA ZULEICA CRUZ DA SILVA             ESTRADA DOUTOR PLINIO CASADO            PARQUE ROSAR26010421NOVA IGUACU    RJUNIAO UMB DOS CULTOS AFRO BRAS    31011910 000090
10231987175000168817800093673    000033838                    000338380000000000000109                     I0233838     31011900000000040003410000017N261218104700000000000103101190000000000000000000000000000000000000000100081959222791MARIA DA GLORIA DE OLIVEIRA RO          RUA VICENTE CARDOSO                     GRADIM      24431400SAO GONCALO    RJUNIAO UMB DOS CULTOS AFRO BRAS    31011910 000091
10231987175000168817800093673    000033742                    000337420000000000000109                     I0233742     31011900000000040003410000017N261218104700000000000103101190000000000000000000000000000000000000000100050965158772NORMA GONCALVES DIAS                    RUA MARQUES DE QUELUZ                   IRAJA       21235120RIO DE JANEIRO RJUNIAO UMB DOS CULTOS AFRO BRAS    31011910 000092
10231987175000168817800093673    000033736                    000337360000000000000109                     I0233736     31011900000000040003410000017N261218104700000000000103101190000000000000000000000000000000000000000100099718928715ELAINE MAIA DE MOURA                    RUA DOUTOR LUIZ SOBRAL                  TOMAZINHO   25525520SAO JOAO DE MERRJUNIAO UMB DOS CULTOS AFRO BRAS    31011910 000093
10231987175000168817800093673    000033269                    000332690000000000000109                     I0233269     20121800000000380003410000017N291018104700000000000102012180000000000000000000000000000000000000000100070550891749CELSO POYDO MENDES                      RUA: SOUZA FREITAS                      PILARES     20760710RIO DE JANEIRO RJUNIAO UMB DOS CULTOS AFRO BRAS    20121810 000094
10231987175000168817800093673    000033160                    000331600000000000000109                     I0233160     20121800000000400003410000017N291018104700000000000102012180000000000000000000000000000000000000000100008046598771ANTONIO DA SILVA BARBOSA                MARIA JOSE FERREIRA DUARTE              ERMITAGE    25975780TERESOPOLIS    RJUNIAO UMB DOS CULTOS AFRO BRAS    20121810 000095
10231987175000168817800093673    000033135                    000331350000000000000109                     I0233135     20121800000000350003410000017N291018104700000000000102012180000000000000000000000000000000000000000100010718180747JOSE CARLOS MELO DA SILVA               RUA DEPUTADO SA REGO                    VILA SAO LUI25065030DUQUE DE CAXIASRJUNIAO UMB DOS CULTOS AFRO BRAS    20121810 000096
10231987175000168817800093673    000032918                    000329180000000000000109                     I0232918     20121800000000350003410000017N291018104700000000000102012180000000000000000000000000000000000000000100062988050791REGINA LUCIA DE SOUZA SANTOS            RUA ENGENHEIRO LAFAYETE STOCKLER        VILA DA PENH21221390RIO DE JANEIRO RJUNIAO UMB DOS CULTOS AFRO BRAS    20121810 000097
10231987175000168817800093673    000032875                    000328750000000000000109                     I0232875     20121800000000350003410000017N291018104700000000000102012180000000000000000000000000000000000000000100001430160756RITA DE CASSIA CORMACK DE CARV          RUA: MANOEL IVO                         VILA TRES - 24711030SAO GONCALO    RJUNIAO UMB DOS CULTOS AFRO BRAS    20121810 000098
10231987175000168817800093673    000032847                    000328470000000000000109                     I0232847     20121800000000400003410000017N291018104700000000000102012180000000000000000000000000000000000000000100003410130721ADELISE DE FREITAS PALACIO              RUA EMBIRI                              BENTO RIBEIR21331690RIO DE JANEIRO RJUNIAO UMB DOS CULTOS AFRO BRAS    20121810 000099
10231987175000168817800093673    000032762                    000327620000000000000109                     I0232762     20121800000000350003410000017N291018104700000000000102012180000000000000000000000000000000000000000100015116578712RAFAEL DE LIMA FALCAO                   RUA BARRA DO CHOCA                      GUARATIBA   23028510RIO DE JANEIRO RJUNIAO UMB DOS CULTOS AFRO BRAS    20121810 000100
10231987175000168817800093673    000032597                    000325970000000000000109                     I0232597     20121800000000350003410000017N291018104700000000000102012180000000000000000000000000000000000000000100002083733738SELMA ESTEVES DE MORAIS                 RUA AZAMOR                              LINS DE VASC20710120RIO DE JANEIRO RJUNIAO UMB DOS CULTOS AFRO BRAS    20121810 000101
10231987175000168817800093673    000032563                    000325630000000000000109                     I0232563     20121800000000350003410000017N291018104700000000000102012180000000000000000000000000000000000000000100009711789760RICARDO VICENTE DE SOUZA                RUA HENRIQUETA                          LARGO DO TAN22735130RIO DE JANEIRO RJUNIAO UMB DOS CULTOS AFRO BRAS    20121810 000102
10231987175000168817800093673    000032512                    000325120000000000000109                     I0232512     20121800000000350003410000017N291018104700000000000102012180000000000000000000000000000000000000000100077176677700JOSEMAR DE OLIVEIRA SODRE               RUA GONCALO BELIZARIO                   ALMERINDA   24745030SAO GONCALO    RJUNIAO UMB DOS CULTOS AFRO BRAS    20121810 000103
10231987175000168817800093673    000032346                    000323460000000000000109                     I0232346     20121800000000350003410000017N291018104700000000000102012180000000000000000000000000000000000000000100008158166776CRISTIANE DE ALMEIDA DA ROCHA           RUA JOANA RESENDE                       MADUREIRA   21360430RIO DE JANEIRO RJUNIAO UMB DOS CULTOS AFRO BRAS    20121810 000104
10231987175000168817800093673    000032126                    000321260000000000000109                     I0232126     20121800000000350003410000017N291018104700000000000102012180000000000000000000000000000000000000000100086257277787WLADIMIR DO CARMO PINTO                 RUA ARLETE CELESTINO AYRES VANDERLEY    JARDIM SULAC21745650RIO DE JANEIRO RJUNIAO UMB DOS CULTOS AFRO BRAS    20121810 000105
10231987175000168817800093673    000031998                    000319980000000000000109                     I0231998     20121800000000350003410000017N291018104700000000000102012180000000000000000000000000000000000000000100007304913746FATIMA ROGERIA RODRIGUES DE ME          RUA DONA LUCIANA                        VARZEA ALEGR25940000GUAPIMIRIM     RJUNIAO UMB DOS CULTOS AFRO BRAS    20121810 000106
10231987175000168817800093673    000031851                    000318510000000000000109                     I0231851     20121800000000350003410000017N291018104700000000000102012180000000000000000000000000000000000000000100059374179768ROSANGELA MARIA DE CASTRO BEZE          RUA DONA ISABEL                         BONSUCESSO  21032060RIO DE JANEIRO RJUNIAO UMB DOS CULTOS AFRO BRAS    20121810 000107
10231987175000168817800093673    000031832                    000318320000000000000109                     I0231832     20121800000000350003410000017N291018104700000000000102012180000000000000000000000000000000000000000100036924997791EDILBERTO CAMPOS BRANDAO                RUA PERIANDRO JOSE DE MOURA             CANAL - 1º 25916256MAGE           RJUNIAO UMB DOS CULTOS AFRO BRAS    20121810 000108
10231987175000168817800093673    000031623                    000316230000000000000109                     I0231623     20121800000000350003410000017N291018104700000000000102012180000000000000000000000000000000000000000100009527172713FABIANA DA SILVA FERNANDES              RUA ITAPACI                             COSMOS      23060440RIO DE JANEIRO RJUNIAO UMB DOS CULTOS AFRO BRAS    20121810 000109
10231987175000168817800093673    000031497                    000314970000000000000109                     I0231497     20121800000000400003410000017N291018104700000000000102012180000000000000000000000000000000000000000100002861492732JUCARA DOS SANTOS NUNES                 RUA CORONEL SOARES                      IRAJA       21540501RIO DE JANEIRO RJUNIAO UMB DOS CULTOS AFRO BRAS    20121810 000110
10231987175000168817800093673    000031018                    000310180000000000000109                     I0231018     20121800000000350003410000017N291018104700000000000102012180000000000000000000000000000000000000000100091488362734MATHIAS FERNANDES LAPOENTE              RUA JOAQUIM AUGUSTO                     PACIENCIA   23585811RIO DE JANEIRO RJUNIAO UMB DOS CULTOS AFRO BRAS    20121810 000111
10231987175000168817800093673    000030937                    000309370000000000000109                     I0230937     20121800000000350003410000017N291018104700000000000102012180000000000000000000000000000000000000000100092069959791PATRICIA RIBEIRO DE ALCANTARA           RUA ENEIAS MIRANDA                      GRANDE RIO  25540000SAO JOAO DE MERRJUNIAO UMB DOS CULTOS AFRO BRAS    20121810 000112
10231987175000168817800093673    000030829                    000308290000000000000109                     I0230829     20121800000000350003410000017N291018104700000000000102012180000000000000000000000000000000000000000100003250127760MARIA ZULEICA CRUZ DA SILVA             ESTRADA DOUTOR PLINIO CASADO            PARQUE ROSAR26010421NOVA IGUACU    RJUNIAO UMB DOS CULTOS AFRO BRAS    20121810 000113
10231987175000168817800093673    000030758                    000307580000000000000109                     I0230758     20121800000000350003410000017N291018104700000000000102012180000000000000000000000000000000000000000100081959222791MARIA DA GLORIA DE OLIVEIRA RO          RUA VICENTE CARDOSO                     GRADIM      24431400SAO GONCALO    RJUNIAO UMB DOS CULTOS AFRO BRAS    20121810 000114
10231987175000168817800093673    000030591                    000305910000000000000109                     I0230591     20121800000000350003410000017N291018104700000000000102012180000000000000000000000000000000000000000100050965158772NORMA GONCALVES DIAS                    RUA MARQUES DE QUELUZ                   IRAJA       21235120RIO DE JANEIRO RJUNIAO UMB DOS CULTOS AFRO BRAS    20121810 000115
10231987175000168817800093673    000030585                    000305850000000000000109                     I0230585     20121800000000350003410000017N291018104700000000000102012180000000000000000000000000000000000000000100099718928715ELAINE MAIA DE MOURA                    RUA DOUTOR LUIZ SOBRAL                  TOMAZINHO   25525520SAO JOAO DE MERRJUNIAO UMB DOS CULTOS AFRO BRAS    20121810 000116
10231987175000168817800093673    000030427                    000304270000000000000109                     I0230427     20121800000000400003410000017N291018104700000000000102012180000000000000000000000000000000000000000100054447445700THEREZA SARAIVA BRAGANCA                RUA: PORTO WALTER                       PIEDADE     21380440RIO DE JANEIRO RJUNIAO UMB DOS CULTOS AFRO BRAS    20121810 000117
10231987175000168817800093673    000030278                    000302780000000000000109                     I0230278     20121800000000035003410000017N291018104700000000000102012180000000000000000000000000000000000000000100014907708793THIAGO CARVALHO VIDAL LIMA              RUA DONA DUCHA                          MARIA CONGA 25901238MAGE           RJUNIAO UMB DOS CULTOS AFRO BRAS    20121810 000118
10231987175000168817800093673    000030263                    000302630000000000000109                     I0230263     20121800000000035003410000017N291018104700000000000102012180000000000000000000000000000000000000000100010718180747JOSE CARLOS MELO DA SILVA               RUA DEPUTADO SA REGO                    VILA SAO LUI25065030DUQUE DE CAXIASRJUNIAO UMB DOS CULTOS AFRO BRAS    20121810 000119
10231987175000168817800093673    000030253                    000302530000000000000109                     I0230253     20121800000000035003410000017N291018104700000000000102012180000000000000000000000000000000000000000100022532412100MARIA DA GRACA MACHADO DOS SAN          RUA ARCOZELO                            PARQUE ARARU25585560SAO JOAO DE MERRJUNIAO UMB DOS CULTOS AFRO BRAS    20121810 000120
10231987175000168817800093673    000030105                    000301050000000000000109                     I0230105     20121800000000035003410000017N291018104700000000000102012180000000000000000000000000000000000000000100001430160756RITA DE CASSIA CORMACK DE CARV          RUA: MANOEL IVO                         VILA TRES - 24711030SAO GONCALO    RJUNIAO UMB DOS CULTOS AFRO BRAS    20121810 000121
10231987175000168817800093673    000029929                    000299290000000000000109                     I0229929     20121800000000035003410000017N291018104700000000000102012180000000000000000000000000000000000000000100009711789760RICARDO VICENTE DE SOUZA                RUA HENRIQUETA                          LARGO DO TAN22735130RIO DE JANEIRO RJUNIAO UMB DOS CULTOS AFRO BRAS    20121810 000122
10231987175000168817800093673    000029856                    000298560000000000000109                     I0229856     20121800000000035003410000017N291018104700000000000102012180000000000000000000000000000000000000000100068648006791SANDRA MARTA GOMES DA COSTA             RUA LAGUNA                              VILAR NOVO  26115620BELFORD ROXO   RJUNIAO UMB DOS CULTOS AFRO BRAS    20121810 000123
10231987175000168817800093673    000029669                    000296690000000000000109                     I0229669     20121800000000035003410000017N291018104700000000000102012180000000000000000000000000000000000000000100007304913746FATIMA ROGERIA RODRIGUES DE ME          RUA DONA LUCIANA                        VARZEA ALEGR25940000GUAPIMIRIM     RJUNIAO UMB DOS CULTOS AFRO BRAS    20121810 000124
10231987175000168817800093673    000029650                    000296500000000000000109                     I0229650     20121800000000035003410000017N291018104700000000000102012180000000000000000000000000000000000000000100059259523753NILO SERGIO SANTOS BARCELLOS            ESTRADA CORONEL VIEIRA                  IRAJA       21220310RIO DE JANEIRO RJUNIAO UMB DOS CULTOS AFRO BRAS    20121810 000125
10231987175000168817800093673    000029601                    000296010000000000000109                     I0229601     20121800000000035003410000017N291018104700000000000102012180000000000000000000000000000000000000000100059374179768ROSANGELA MARIA DE CASTRO BEZE          RUA DONA ISABEL                         BONSUCESSO  21032060RIO DE JANEIRO RJUNIAO UMB DOS CULTOS AFRO BRAS    20121810 000126
10231987175000168817800093673    000029557                    000295570000000000000109                     I0229557     20121800000000035003410000017N291018104700000000000102012180000000000000000000000000000000000000000100050262319772NELCY MARIA DE MATTOS                   RUA FILADELFIA                          MONJOLO     24723365SAO GONCALO    RJUNIAO UMB DOS CULTOS AFRO BRAS    20121810 000127
10231987175000168817800093673    000029273                    000292730000000000000109                     I0229273     20121800000000035003410000017N291018104700000000000102012180000000000000000000000000000000000000000100090776704753CLAUDIO ISAAC PEREIRA TEIXEIRA          RUA ARUTI                               PRACA SECA  21321030RIO DE JANEIRO RJUNIAO UMB DOS CULTOS AFRO BRAS    20121810 000128
10231987175000168817800093673    000029175                    000291750000000000000109                     I0229175     20121800000000035003410000017N291018104700000000000102012180000000000000000000000000000000000000000100003250127760MARIA ZULEICA CRUZ DA SILVA             ESTRADA DOUTOR PLINIO CASADO            PARQUE ROSAR26010421NOVA IGUACU    RJUNIAO UMB DOS CULTOS AFRO BRAS    20121810 000129
10231987175000168817800093673    000029132                    000291320000000000000109                     I0229132     20121800000000035003410000017N291018104700000000000102012180000000000000000000000000000000000000000100097512770782DULCINEIA CAPUTE                        AVENIDA ITAGUAI                         ENGENHO     23820306ITAGUAI        RJUNIAO UMB DOS CULTOS AFRO BRAS    20121810 000130
10231987175000168817800093673    000028209                    000282090000000000000109                     I0228209     30111800000000035003410000017N200818104700000000000103011180000000000000000000000000000000000000000100001430160756RITA DE CASSIA CORMACK DE CARV          RUA: MANOEL IVO                         VILA TRES - 24711030SAO GONCALO    RJUNIAO UMB DOS CULTOS AFRO BRAS    30111810 000131
10231987175000168817800093673    000028022                    000280220000000000000109                     I0228022     30111800000000035003410000017N200818104700000000000103011180000000000000000000000000000000000000000100009711789760RICARDO VICENTE DE SOUZA                RUA HENRIQUETA                          LARGO DO TAN22735130RIO DE JANEIRO RJUNIAO UMB DOS CULTOS AFRO BRAS    30111810 000132
10231987175000168817800093673    000027893                    000278930000000000000109                     I0227893     30111800000000035003410000017N200818104700000000000103011180000000000000000000000000000000000000000100001248895738JUSSARA SILVEIRA LOPES DA FONS          RUA: LAURA MAGALHAES TEIXEIRA           SANTO ALEIXO25914130MAGE           RJUNIAO UMB DOS CULTOS AFRO BRAS    30111810 000133
10231987175000168817800093673    000027679                    000276790000000000000109                     I0227679     30111800000000035003410000017N200818104700000000000103011180000000000000000000000000000000000000000100059374179768ROSANGELA MARIA DE CASTRO BEZE          RUA DONA ISABEL                         BONSUCESSO  21032060RIO DE JANEIRO RJUNIAO UMB DOS CULTOS AFRO BRAS    30111810 000134
10231987175000168817800093673    000027343                    000273430000000000000109                     I0227343     30111800000000035003410000017N200818104700000000000103011180000000000000000000000000000000000000000100090776704753CLAUDIO ISAAC PEREIRA TEIXEIRA          RUA ARUTI                               PRACA SECA  21321030RIO DE JANEIRO RJUNIAO UMB DOS CULTOS AFRO BRAS    30111810 000135
9                                                                                                                                                                                                                                                                                                                                                                                                         000136
