01REMESSA01COBRANCA       817800093673        União Umb dos Cultos Afro Bra341BANCO ITAU SA  090118                                                                                                                                                                                                                                                                                                      000001
10231987175000168817800093673    00005892                     000058920000000000000109                     I015892      31011800000000035003410000017N261217050900000000000103101180000000000000000000000000000000000000000100003025076712MARIA QUITERIA DOS SANTOS PITA          RUA MISSIONARIO CHRISTIE N 43 B         QUISSAMA - P25615250PETROPOLIS     RJUNIAO UMB DOS CULTOS AFRO BRAS    31011810 000002
10231987175000168817800093673    00005891                     000058910000000000000109                     I015891      31011800000000035003410000017N261217050900000000000103101180000000000000000000000000000000000000000100062988050791REGINA LUCIA DE SOUZA SANTOS T          RUA ENGENHEIRO LAFAYETE STOCKLER N 742  VILA DA PENH21221390RIO DE JANEIRO RJUNIAO UMB DOS CULTOS AFRO BRAS    31011810 000003
10231987175000168817800093673    00005890                     000058900000000000000109                     I015890      31011800000000035003410000017N261217050900000000000103101180000000000000000000000000000000000000000100003550624700ELAINE DE BARROS CARVALHO DE O          RUA DOUTOR ANTONIO MARTINS N 42 CASA 2 ATAQUARA - JA22723650RIO DE JANEIRO RJUNIAO UMB DOS CULTOS AFRO BRAS    31011810 000004
10231987175000168817800093673    00005889                     000058890000000000000109                     I015889      31011800000000035003410000017N261217050900000000000103101180000000000000000000000000000000000000000100005649589720RAPHAEL AGUIAR DA SILVA                 ESTRADA DO BONGARVILLE, 869 CASA 42     ANIL - JACAR22753210RIO DE JANEIRO RJUNIAO UMB DOS CULTOS AFRO BRAS    31011810 000005
10231987175000168817800093673    00005888                     000058880000000000000109                     I015888      31011800000000035003410000017N261217050900000000000103101180000000000000000000000000000000000000000100001857739744JORGE DE MORAES ESTANISLAU              RUA TITANIC N 7 CASA 1 FUNDOS           REALENGO - R21735620RIO DE JANEIRO RJUNIAO UMB DOS CULTOS AFRO BRAS    31011810 000006
10231987175000168817800093673    00005887                     000058870000000000000109                     I015887      31011800000000035003410000017N261217050900000000000103101180000000000000000000000000000000000000000100011130957764MARCUS ULYSSES DE FIGUEIREDO P          RUA SAO JORGE N 764                     CAMPO ALEGRE26292228NOVA IGUACU    RJUNIAO UMB DOS CULTOS AFRO BRAS    31011810 000007
10231987175000168817800093673    00005886                     000058860000000000000109                     I015886      31011800000000035003410000017N261217050900000000000103101180000000000000000000000000000000000000000100010016543752ALEXANDRE TEIXEIRA CAVALCANTE           RUA DOUTOR NUNES N 934                  OLARIA - RIO21021370RIO DE JANEIRO RJUNIAO UMB DOS CULTOS AFRO BRAS    31011810 000008
10231987175000168817800093673    00005884                     000058840000000000000109                     I015884      31011800000000035003410000017N261217050900000000000103101180000000000000000000000000000000000000000100002846505608DIONE ROSA FERNANDES                    RUA ERNESTINA N 56                      LINS DE VASC20710000RIO DE JANEIRO RJUNIAO UMB DOS CULTOS AFRO BRAS    31011810 000009
10231987175000168817800093673    00005883                     000058830000000000000109                     I015883      31011800000000035003410000017N261217050900000000000103101180000000000000000000000000000000000000000100092673562753ALVARO RICARDO DE OLIVEIRA RIB          RUA MARIA ALICE N 18                    MUTONDO - SA24452140SAO GONCALO    RJUNIAO UMB DOS CULTOS AFRO BRAS    31011810 000010
10231987175000168817800093673    00005882                     000058820000000000000109                     I015882      31011800000000035003410000017N261217050900000000000103101180000000000000000000000000000000000000000100066514118704MARILIA GARCIA DA PAIXAO                RUA FRANCOLIM N 306                     GUADALUPE - 21660130RIO DE JANEIRO RJUNIAO UMB DOS CULTOS AFRO BRAS    31011810 000011
10231987175000168817800093673    00005881                     000058810000000000000109                     I015881      31011800000000035003410000017N261217050900000000000103101180000000000000000000000000000000000000000100011640644792MARLY SERPA BORGES                      RUA VISTA ALEGRE N 12                   SANTA TERESA20251410RIO DE JANEIRO RJUNIAO UMB DOS CULTOS AFRO BRAS    31011810 000012
10231987175000168817800093673    00005880                     000058800000000000000109                     I015880      31011800000000035003410000017N261217050900000000000103101180000000000000000000000000000000000000000100005440511733MONICA LEITE CRUZ                       RUA PARDAL N 130 B                      MAGALI - CAM23081070CAMPO GRANDE   RJUNIAO UMB DOS CULTOS AFRO BRAS    31011810 000013
10231987175000168817800093673    00005879                     000058790000000000000109                     I015879      31011800000000035003410000017N261217050900000000000103101180000000000000000000000000000000000000000100001010828789JUSSARA DA SILVA GONCALVES DAM          RUA TRINTA E TRES LOTE 219              NOVA CIDADE 24850000ITABORAI       RJUNIAO UMB DOS CULTOS AFRO BRAS    31011810 000014
10231987175000168817800093673    00005878                     000058780000000000000109                     I015878      31011800000000035003410000017N261217050900000000000103101180000000000000000000000000000000000000000100074442163715MONICA BARCELLOS DE PAULA               AVENIDA VICENTE DE CARVALHO, 560        VICENTE DE C21371148RIO DE JANEIRO RJUNIAO UMB DOS CULTOS AFRO BRAS    31011810 000015
10231987175000168817800093673    00005877                     000058770000000000000109                     I015877      31011800000000035003410000017N261217050900000000000103101180000000000000000000000000000000000000000100007924464700GILCEMAR PEREIRA DE MORAES              RUA JOSE ELEOTERIO N 102                CAMPO LINDO 23898220SEROPEDICA     RJUNIAO UMB DOS CULTOS AFRO BRAS    31011810 000016
10231987175000168817800093673    00005876                     000058760000000000000109                     I015876      31011800000000035003410000017N261217050900000000000103101180000000000000000000000000000000000000000100014199569731LUIS FILIPE SANTOS COSTA                ESTRADA DOUTOR JOAQUIM NICOLAU N 1529 CAPRACA PONTE 02690000MIGUEL PEREIRA RJUNIAO UMB DOS CULTOS AFRO BRAS    31011810 000017
10231987175000168817800093673    00005875                     000058750000000000000109                     I015875      31011800000000035003410000017N261217050900000000000103101180000000000000000000000000000000000000000100000160903774REGINA CELIA DE OLIVEIRA DA SI          RUA VENANCIO ADRES LOTE 23 QUADRA 13    OLAVO BILAC 25035340DUQUE DE CAXIASRJUNIAO UMB DOS CULTOS AFRO BRAS    31011810 000018
10231987175000168817800093673    00005874                     000058740000000000000109                     I015874      31011800000000035003410000017N261217050900000000000103101180000000000000000000000000000000000000000100053470095787OSVALDO VALENTE COELHO FILHO            RUA VISCONDE DE SABOIA N 54 - RUA I N 11CAVALCANTI -21370220RIO DE JANEIRO RJUNIAO UMB DOS CULTOS AFRO BRAS    31011810 000019
10231987175000168817800093673    00005873                     000058730000000000000109                     I015873      31011800000000035003410000017N261217050900000000000103101180000000000000000000000000000000000000000100053211839704ALCIONE SOUZA DOS SANTOS                RUA: MARINO FELIX Nº 26 - SEPETIBA     RIO DE JANEI23535006RIO DE JANEIRO RJUNIAO UMB DOS CULTOS AFRO BRAS    31011810 000020
10231987175000168817800093673    00005872                     000058720000000000000109                     I015872      31011800000000035003410000017N261217050900000000000103101180000000000000000000000000000000000000000100000559929781KLEBER SIQUEIRA CUNHA                   ESTRADA DO PIAI N 300                   GUARATIBA - 23028050RIO DE JANEIRO RJUNIAO UMB DOS CULTOS AFRO BRAS    31011810 000021
10231987175000168817800093673    00005871                     000058710000000000000109                     I015871      31011800000000035003410000017N261217050900000000000103101180000000000000000000000000000000000000000100099586860768MARLECI NAVARRO DE FARIA                AVENIDA TENENTE REBELO N 381 APT 303    IRAJA - RIO 21230075RIO DE JANEIRO RJUNIAO UMB DOS CULTOS AFRO BRAS    31011810 000022
10231987175000168817800093673    00005870                     000058700000000000000109                     I015870      31011800000000035003410000017N261217050900000000000103101180000000000000000000000000000000000000000100088052982715ELIZABETH DA COSTA AMORIM               RUA CISPLATINA N 99                     IRAJA - RIO 21235070RIO DE JANEIRO RJUNIAO UMB DOS CULTOS AFRO BRAS    31011810 000023
10231987175000168817800093673    00005869                     000058690000000000000109                     I015869      31011800000000035003410000017N261217050900000000000103101180000000000000000000000000000000000000000100001653081767DEISE SIQUEIRA                          RUA PARLON SIQUEIRA N 59 CX P 93        BARRA DE GUA23020510RIO DE JANEIRO RJUNIAO UMB DOS CULTOS AFRO BRAS    31011810 000024
10231987175000168817800093673    00005868                     000058680000000000000109                     I015868      31011800000000035003410000017N261217050900000000000103101180000000000000000000000000000000000000000100083493956720SAINT-CLAIR FERREIRA BARBOSA            RUA HONORIO PECANHA N 78                SEPETIBA - R23535127RIO DE JANEIRO RJUNIAO UMB DOS CULTOS AFRO BRAS    31011810 000025
10231987175000168817800093673    00005867                     000058670000000000000109                     I015867      31011800000000035003410000017N261217050900000000000103101180000000000000000000000000000000000000000100067287581787MARIA DA CONCEICAO DE LIMA              RUA ALTO BOA VISTA N 70                 VILAR DOS TE25565410SAO JOAO DE MERRJUNIAO UMB DOS CULTOS AFRO BRAS    31011810 000026
10231987175000168817800093673    00005866                     000058660000000000000109                     I015866      31011800000000035003410000017N261217050900000000000103101180000000000000000000000000000000000000000100002721212745MARILIA CLAUDIA DA SILVA CORRE          RUA DELFIM MOREIRA N 410                VILA TIRADEN25525170SAO JOAO DE MERRJUNIAO UMB DOS CULTOS AFRO BRAS    31011810 000027
10231987175000168817800093673    00005865                     000058650000000000000109                     I015865      31011800000000035003410000017N261217050900000000000103101180000000000000000000000000000000000000000100003013793783GIOVANA SURAMA BRANDAO MONFORT          RUA JOAO TELES LOTE 94 QUADRA 93        CENTRO - MES26550100MESQUITA       RJUNIAO UMB DOS CULTOS AFRO BRAS    31011810 000028
10231987175000168817800093673    00005864                     000058640000000000000109                     I015864      31011800000000035003410000017N261217050900000000000103101180000000000000000000000000000000000000000100009406419769MAURICIO DOS SANTOS SILVA               RUA CASTANHAL, TRAVESSA PROGRESSO I CASAPARQUE GENEC26061650NOVA IGUACU    RJUNIAO UMB DOS CULTOS AFRO BRAS    31011810 000029
10231987175000168817800093673    00005863                     000058630000000000000109                     I015863      31011800000000035003410000017N261217050900000000000103101180000000000000000000000000000000000000000100002812320706COSME PAULO DA COSTA CRAVO              RUA PADRE MANOEL DE NOBREGA N 505       QUINTINO BOC21381000RIO DE JANEIRO RJUNIAO UMB DOS CULTOS AFRO BRAS    31011810 000030
10231987175000168817800093673    00005862                     000058620000000000000109                     I015862      31011800000000035003410000017N261217050900000000000103101180000000000000000000000000000000000000000100099363704734SUELY FERNANDES LAPAS OLIVEIRA          RUA SARUTAIA SN LOTE 37                 GUARATIBA - 23032620RIO DE JANEIRO RJUNIAO UMB DOS CULTOS AFRO BRAS    31011810 000031
10231987175000168817800093673    00005860                     000058600000000000000109                     I015860      31011800000000035003410000017N261217050900000000000103101180000000000000000000000000000000000000000100076903729704ALUIZO NASCIMENTI DOS SANTOS            RUA DAS ROSAS N 801                     VILA FORMOSA26051370NOVA IGUACU    RJUNIAO UMB DOS CULTOS AFRO BRAS    31011810 000032
10231987175000168817800093673    00005859                     000058590000000000000109                     I015859      31011800000000035003410000017N261217050900000000000103101180000000000000000000000000000000000000000100003009392729MARIA DA PENHA FLORENCIO                RUA SABUJI LOTE 5 QUADRA 20             JARDIM ROTSE25270030DUQUE DE CAXIASRJUNIAO UMB DOS CULTOS AFRO BRAS    31011810 000033
10231987175000168817800093673    00005858                     000058580000000000000109                     I015858      31011800000000035003410000017N261217050900000000000103101180000000000000000000000000000000000000000100003567552740ERICA NADJARA DA LUZ                    RUA ENGENHEIRO ALARIPE N 114            LAGOINHA - N26296588NOVA IGUACU    RJUNIAO UMB DOS CULTOS AFRO BRAS    31011810 000034
10231987175000168817800093673    00005857                     000058570000000000000109                     I015857      31011800000000035003410000017N261217050900000000000103101180000000000000000000000000000000000000000100001317399722JUSSARA DOS SANTOS MACHADO              RUA ARIES N 36                          PARQUE SAO J26190080BELFORD ROXO   RJUNIAO UMB DOS CULTOS AFRO BRAS    31011810 000035
10231987175000168817800093673    00005856                     000058560000000000000109                     I015856      31011800000000035003410000017N261217050900000000000103101180000000000000000000000000000000000000000100011309006733TIAGO FEUCHARD DIAS                     RUA QUARENTA E NOVE N 130               IPIABAS - BA27170000BARRA DO PIRAI RJUNIAO UMB DOS CULTOS AFRO BRAS    31011810 000036
10231987175000168817800093673    00005855                     000058550000000000000109                     I015855      31011800000000035003410000017N261217050900000000000103101180000000000000000000000000000000000000000100095529616704MARCOS LUIZ BORGES FIGUEIREDO           RUA PADUA N 95 - REDENTOR               REDENTOR - B26110250BELFORD ROXO   RJUNIAO UMB DOS CULTOS AFRO BRAS    31011810 000037
10231987175000168817800093673    00005854                     000058540000000000000109                     I015854      31011800000000035003410000017N261217050900000000000103101180000000000000000000000000000000000000000100002871088489JOSE ADRIANO DA SILVA                   RUA UMEBOSCHE N 430                     JARDIM PARAI26297054NOVA IGUACU    RJUNIAO UMB DOS CULTOS AFRO BRAS    31011810 000038
10231987175000168817800093673    00005853                     000058530000000000000109                     I015853      31011800000000035003410000017N261217050900000000000103101180000000000000000000000000000000000000000100001147868794VALERIA APARECIDA DE SOUZA              RUA ALCYR BRASIL N 710                  JARDIM NOVA 26266010NOVA IGUACU    RJUNIAO UMB DOS CULTOS AFRO BRAS    31011810 000039
10231987175000168817800093673    00005852                     000058520000000000000109                     I015852      31011800000000035003410000017N261217050900000000000103101180000000000000000000000000000000000000000100007900227709FLAVIA ARAUJO DA ROCHA SANTOS           RUA MARECHAL AGRICOLA N 186             REALENGO - R21735370RIO DE JANEIRO RJUNIAO UMB DOS CULTOS AFRO BRAS    31011810 000040
10231987175000168817800093673    00005849                     000058490000000000000109                     I015849      31011800000000035003410000017N261217050900000000000103101180000000000000000000000000000000000000000100005361904708VANESSA SANTIAGO DE AZEVEDO BA          AVENIDA PASTOR MARTIN LUTHERKING JR N 64VICENTE DE C21371310RIO DE JANEIRO RJUNIAO UMB DOS CULTOS AFRO BRAS    31011810 000041
10231987175000168817800093673    00005847                     000058470000000000000109                     I015847      31011800000000035003410000017N261217050900000000000103101180000000000000000000000000000000000000000100010498307760WILLIAM ROSA DA COSTA                   RUA OITENTA LOTE 35 QUADRA 246          IPIRANGA - M25927164MAGE           RJUNIAO UMB DOS CULTOS AFRO BRAS    31011810 000042
10231987175000168817800093673    00005846                     000058460000000000000109                     I015846      31011800000000035003410000017N261217050900000000000103101180000000000000000000000000000000000000000100001430160754RITA DE CASSIA CORMACK DE CARV          RUA MANOEL IVO N 58                     VILA TRES - 24711030SAO GONCALO    RJUNIAO UMB DOS CULTOS AFRO BRAS    31011810 000043
10231987175000168817800093673    00005843                     000058430000000000000109                     I015843      31011800000000035003410000017N261217050900000000000103101180000000000000000000000000000000000000000100001148949739MARIA DAS GRACAS SEBASTIANA DO          RUA PEREIRA PINTO N 91                  TOMAS COELHO20761350RIO DE JANEIRO RJUNIAO UMB DOS CULTOS AFRO BRAS    31011810 000044
10231987175000168817800093673    00005842                     000058420000000000000109                     I015842      31011800000000035003410000017N261217050900000000000103101180000000000000000000000000000000000000000100012488412716CHARLES GARCIA DE OLIVEIRA              ESTRADA DO QUITUNGO N 45 FRENTE         BRAZ DE PINA21215562RIO DE JANEIRO RJUNIAO UMB DOS CULTOS AFRO BRAS    31011810 000045
10231987175000168817800093673    00005841                     000058410000000000000109                     I015841      31011800000000035003410000017N261217050900000000000103101180000000000000000000000000000000000000000100088640809704JULIO CESAR SARAIVA PIRES               ESTRADA SANTA MAURA N 103               CURICICA - J22780170RIO DE JANEIRO RJUNIAO UMB DOS CULTOS AFRO BRAS    31011810 000046
10231987175000168817800093673    00005840                     000058400000000000000109                     I015840      31011800000000035003410000017N261217050900000000000103101180000000000000000000000000000000000000000100060601493400IRACEMA SILVA DE SANTANA                NUNCA RUA XAVANTE N 243                 BANGU - RIO 21840030RIO DE JANEIRO RJUNIAO UMB DOS CULTOS AFRO BRAS    31011810 000047
10231987175000168817800093673    00005839                     000058390000000000000109                     I015839      31011800000000035003410000017N261217050900000000000103101180000000000000000000000000000000000000000100064947130768MARIA GORETE DE SOUSA MIRANDA           AVENIDA PASTEUR N 113 A                 PARQUE ALIAN25550210SAO JOAO DE MERRJUNIAO UMB DOS CULTOS AFRO BRAS    31011810 000048
10231987175000168817800093673    00005838                     000058380000000000000109                     I015838      31011800000000035003410000017N261217050900000000000103101180000000000000000000000000000000000000000100001034293796LILIA NERES DE ALMEIDA                  RUA VERISSIMO MACHADO N 237             ROCHA MIRAND21542060RIO DE JANEIRO RJUNIAO UMB DOS CULTOS AFRO BRAS    31011810 000049
10231987175000168817800093673    00005837                     000058370000000000000109                     I015837      31011800000000035003410000017N261217050900000000000103101180000000000000000000000000000000000000000100010426625765ALESSANDRA LAURIANO LIMA DOMIN          RUA PROJETADA N 4                       ANCORA - RIO28899515RIO DAS OSTRAS RJUNIAO UMB DOS CULTOS AFRO BRAS    31011810 000050
10231987175000168817800093673    00005836                     000058360000000000000109                     I015836      31011800000000035003410000017N261217050900000000000103101180000000000000000000000000000000000000000100009755597700PAULA SABINO MIGUEZ                     RUA SANTO TIRSO N 141                   JARDIM ALZIR26300190QUEIMADOS      RJUNIAO UMB DOS CULTOS AFRO BRAS    31011810 000051
10231987175000168817800093673    00005835                     000058350000000000000109                     I015835      31011800000000035003410000017N261217050900000000000103101180000000000000000000000000000000000000000100077601505716NADIA MARIA DE BRITTO LUCENA            RUA LIBERATO BITENCOURT N 170           MAGALHAES BA21735120RIO DE JANEIRO RJUNIAO UMB DOS CULTOS AFRO BRAS    31011810 000052
10231987175000168817800093673    00005834                     000058340000000000000109                     I015834      31011800000000035003410000017N261217050900000000000103101180000000000000000000000000000000000000000100077601505715ROBERTO RAMOS DA CUNHA                  RUA MOACIR N 107                        XEREM - CENT25245660DUQUE DE CAXIASRJUNIAO UMB DOS CULTOS AFRO BRAS    31011810 000053
10231987175000168817800093673    00005833                     000058330000000000000109                     I015833      31011800000000035003410000017N261217050900000000000103101180000000000000000000000000000000000000000100007708082714CRISTIANE DEODATO                       ESTRADA REAL DE MAUA N 132              MAUA - MAGE 25927304MAGE           RJUNIAO UMB DOS CULTOS AFRO BRAS    31011810 000054
10231987175000168817800093673    00005832                     000058320000000000000109                     I015832      31011800000000035003410000017N261217050900000000000103101180000000000000000000000000000000000000000100009959898776ANGELICA MONTEIRO DE OLIVEIRA           RUA CINCO N 313 - GLEBA A - CHAPERO     ITAGUAI - RJ23831190ITAGUAI        RJUNIAO UMB DOS CULTOS AFRO BRAS    31011810 000055
10231987175000168817800093673    00005831                     000058310000000000000109                     I015831      31011800000000035003410000017N261217050900000000000103101180000000000000000000000000000000000000000100080592368491MARIA JOSE PEREIRA NOGUEIRA DE          ALAMEDA GOIANIA N 26                    ENGENHO DO R24752520SAO GONCALO    RJUNIAO UMB DOS CULTOS AFRO BRAS    31011810 000056
10231987175000168817800093673    00005830                     000058300000000000000109                     I015830      31011800000000035003410000017N261217050900000000000103101180000000000000000000000000000000000000000100015295681700MICHEL FERNANDES BASTOS CRESPO          RUA ROSANGELA TOSTES LOTE 8 QD 21       PARQUE FLUMI26185260BELFORD ROXO   RJUNIAO UMB DOS CULTOS AFRO BRAS    31011810 000057
10231987175000168817800093673    00005829                     000058290000000000000109                     I015829      31011800000000035003410000017N261217050900000000000103101180000000000000000000000000000000000000000100007809907735LUCIANA SANTOS DA SILVA                 BECO ADELIA N 3 - NOSSA SENHORA DAS GRACILHA DO GOVE21932003ILHA DO GOVERNARJUNIAO UMB DOS CULTOS AFRO BRAS    31011810 000058
10231987175000168817800093673    00005828                     000058280000000000000109                     I015828      31011800000000035003410000017N261217050900000000000103101180000000000000000000000000000000000000000100005364326780CARLOS ROBERTO DOLORES CORREA           ESTRADA ADHEMAR BEBIANO N 257           DEL CASTILHO21051071RIO DE JANEIRO RJUNIAO UMB DOS CULTOS AFRO BRAS    31011810 000059
10231987175000168817800093673    00005827                     000058270000000000000109                     I015827      31011800000000035003410000017N261217050900000000000103101180000000000000000000000000000000000000000100080974015768SHEYLA REGINA SERAPHIM DA HORA          RUA CAMBAI 49                           QUINTINO BOC21380300RIO DE JANEIRO RJUNIAO UMB DOS CULTOS AFRO BRAS    31011810 000060
10231987175000168817800093673    00005824                     000058240000000000000109                     I015824      31011800000000035003410000017N261217050900000000000103101180000000000000000000000000000000000000000100040433307749IARA BARBOSA MACHADO                    RUA SAO FIDELIS SN LOTE 16 QUADRA 25    PRADOS VERDE26299165NOVA IGUACU    RJUNIAO UMB DOS CULTOS AFRO BRAS    31011810 000061
10231987175000168817800093673    00005823                     000058230000000000000109                     I015823      31011800000000035003410000017N261217050900000000000103101180000000000000000000000000000000000000000100005441529723RAQUEL LUCILIA SANTOS RAMOS             AVENIDA DE SANTA CRUZ N 11066           SENADOR VASC23010002RIO DE JANEIRO RJUNIAO UMB DOS CULTOS AFRO BRAS    31011810 000062
10231987175000168817800093673    00005821                     000058210000000000000109                     I015821      31011800000000035003410000017N261217050900000000000103101180000000000000000000000000000000000000000100001968753790ROSANGELA CRISTINA GOULART              RUA LUIZ BATISTA LOPES N 35 - IUCAS     IUCAS - TERE25964240TERESOPOLIS    RJUNIAO UMB DOS CULTOS AFRO BRAS    31011810 000063
10231987175000168817800093673    00005820                     000058200000000000000109                     I015820      31011800000000035003410000017N261217050900000000000103101180000000000000000000000000000000000000000100004274441792ALEXANDER SOUZA DA CUNHA                RUA E PROJETADA SN LOTE 17 QUADRA 20 - SSEPETIBA - R23545003RIO DE JANEIRO RJUNIAO UMB DOS CULTOS AFRO BRAS    31011810 000064
10231987175000168817800093673    00005819                     000058190000000000000109                     I015819      31011800000000035003410000017N261217050900000000000103101180000000000000000000000000000000000000000100007726251743ROSANGELA IZAURINA DOS SANTOS           RUA ENEIAS N 60                         LAGOINHA - N26296552NOVA IGUACU    RJUNIAO UMB DOS CULTOS AFRO BRAS    31011810 000065
10231987175000168817800093673    00005818                     000058180000000000000109                     I015818      31011800000000035003410000017N261217050900000000000103101180000000000000000000000000000000000000000100060774282720ROSANGELA MOURA VALENTE                 RUA CINQUENTA E QUATRO LOTE 38 QUADRA 20JARDIM ATLAN24934220MARICA         RJUNIAO UMB DOS CULTOS AFRO BRAS    31011810 000066
10231987175000168817800093673    00005817                     000058170000000000000109                     I015817      31011800000000035003410000017N261217050900000000000103101180000000000000000000000000000000000000000100001084586797ANA GLORIA NONATO CASTILHO              RUA ANTONIO JOSE DE MORAES N°210 FUNDOSPAVUNA - RJ 25515140RIO DE JANEIRO RJUNIAO UMB DOS CULTOS AFRO BRAS    31011810 000067
10231987175000168817800093673    00005815                     000058150000000000000109                     I015815      31011800000000035003410000017N261217050900000000000103101180000000000000000000000000000000000000000100080020542704DENISE PINHEIRO MOURA                   RUA SOTERO VAZ                          IRAJA - RJ  21230140RIO DE JANEIRO RJUNIAO UMB DOS CULTOS AFRO BRAS    31011810 000068
10231987175000168817800093673    00005814                     000058140000000000000109                     I015814      31011800000000035003410000017N261217050900000000000103101180000000000000000000000000000000000000000100000907912745JULIO CESAR FRANCA CORREA               RUA ITAPERUNA N 55                      VILA DE CAVA26056260NOVA IGUACU    RJUNIAO UMB DOS CULTOS AFRO BRAS    31011810 000069
10231987175000168817800093673    00005813                     000058130000000000000109                     I015813      31011800000000035003410000017N261217050900000000000103101180000000000000000000000000000000000000000100012663149705DIEGO PARREIRA DE ARAUJO                RUA ERMENEGILDO DE SOUZA QUADRA 18 LOTE JARDIM SAO J23890103SEROPEDICA     RJUNIAO UMB DOS CULTOS AFRO BRAS    31011810 000070
10231987175000168817800093673    00005812                     000058120000000000000109                     I015812      31011800000000035003410000017N261217050900000000000103101180000000000000000000000000000000000000000100067321364704MARGARETH SOARES PECHIR                 RUA PRACINHA CESARIO AGUIAR N 256       PITANGUEIRAS21930230ILHA DO GOVERNARJUNIAO UMB DOS CULTOS AFRO BRAS    31011810 000071
10231987175000168817800093673    00005811                     000058110000000000000109                     I015811      31011800000000035003410000017N261217050900000000000103101180000000000000000000000000000000000000000100008304619733LEILA DO NASCIMENTO COUTINHO            AVENIDA: VICENTE DE CARVALHO N° 1086 RUVILA KOSMO -21210024RIO DE JANEIRO RJUNIAO UMB DOS CULTOS AFRO BRAS    31011810 000072
10231987175000168817800093673    00005809                     000058090000000000000109                     I015809      31011800000000035003410000017N261217050900000000000103101180000000000000000000000000000000000000000100001346507783ANDREIA FERREIRA E CUNHA                RUA TIRADENTES N 465 CASA 4             CONFIDENCIA 26323260NOVA IGUACU    RJUNIAO UMB DOS CULTOS AFRO BRAS    31011810 000073
10231987175000168817800093673    00005808                     000058080000000000000109                     I015808      31011800000000035003410000017N261217050900000000000103101180000000000000000000000000000000000000000100078885647715NELMA ARLOY VIEIRA                      RUA QUIRIRIM N 1534 CASA 34 SUBSOLO     VILA VALQUEI21380658RIO DE JANEIRO RJUNIAO UMB DOS CULTOS AFRO BRAS    31011810 000074
10231987175000168817800093673    00005807                     000058070000000000000109                     I015807      31011800000000035003410000017N261217050900000000000103101180000000000000000000000000000000000000000100089497899734UGO SILVA FILHO                         RUA ITABAIANA N 49 APT 502              GRAJAU - RIO20561050RIO DE JANEIRO RJUNIAO UMB DOS CULTOS AFRO BRAS    31011810 000075
10231987175000168817800093673    00005806                     000058060000000000000109                     I015806      31011800000000035003410000017N261217050900000000000103101180000000000000000000000000000000000000000100054968330782REGINA DA MOTA TRINDADE                 RUA CORVILHA LOTE 5 QUADRA 351          PARADA MORAB25265353DUQUE DE CAXIASRJUNIAO UMB DOS CULTOS AFRO BRAS    31011810 000076
10231987175000168817800093673    00005805                     000058050000000000000109                     I015805      31011800000000035003410000017N261217050900000000000103101180000000000000000000000000000000000000000100004150910715IVONICE DA CONCEICAO                    AVENIDA DON HELDER CAMARA N 6789 CASA 15PILARES - RI20751000RIO DE JANEIRO RJUNIAO UMB DOS CULTOS AFRO BRAS    31011810 000077
10231987175000168817800093673    00005803                     000058030000000000000109                     I015803      31011800000000035003410000017N261217050900000000000103101180000000000000000000000000000000000000000100030400942895CLAUDIA REIS SANTOS ARAUJO              RUA LUIS PASQUALLE NETO                 SAO JOAO CLI04241030SAO PAULO      SPUNIAO UMB DOS CULTOS AFRO BRAS    31011810 000078
10231987175000168817800093673    00005802                     000058020000000000000109                     I015802      31011800000000035003410000017N261217050900000000000103101180000000000000000000000000000000000000000100003858469750MARIA DO SOCORRO PEREIRA DE SO          RUA CIRENE DE MORAES COSTA SN QUADRA D LTRES FONTES 26382506NOVA IGUACU    RJUNIAO UMB DOS CULTOS AFRO BRAS    31011810 000079
10231987175000168817800093673    00005801                     000058010000000000000109                     I015801      31011800000000035003410000017N261217050900000000000103101180000000000000000000000000000000000000000100007049805769AYSI LUCIA FREIRE DE AZEVEDO F          ESTRADA CAETANO MONTEIRO 747            LARGO DA BAT24320570NITEROI        RJUNIAO UMB DOS CULTOS AFRO BRAS    31011810 000080
10231987175000168817800093673    00005799                     000057990000000000000109                     I015799      31011800000000035003410000017N261217050900000000000103101180000000000000000000000000000000000000000100037257831715WALTANIR LOURENCO DOS SANTOS            RUA APORUNA N 52                        PARQUE SAO J26190130BELFORD ROXO   RJUNIAO UMB DOS CULTOS AFRO BRAS    31011810 000081
10231987175000168817800093673    00005798                     000057980000000000000109                     I015798      31011800000000035003410000017N261217050900000000000103101180000000000000000000000000000000000000000100005474832796VANESSA MANTUANO FERNANDES              RUA CANINDE N 29 CASA 1                 JACARE - RIO20975010RIO DE JANEIRO RJUNIAO UMB DOS CULTOS AFRO BRAS    31011810 000082
10231987175000168817800093673    00005797                     000057970000000000000109                     I015797      31011800000000035003410000017N261217050900000000000103101180000000000000000000000000000000000000000100005785015706JOSE TOMASIO                            RUA DA FIGUEIRA N 102                   TRES POCOS -27240590VOLTA REDONDA  RJUNIAO UMB DOS CULTOS AFRO BRAS    31011810 000083
10231987175000168817800093673    00005796                     000057960000000000000109                     I015796      31011800000000035003410000017N261217050900000000000103101180000000000000000000000000000000000000000100080869513753DINA LADISLAU DE SOUZA                  RUA ANGELA ABELANE SN LOTE 18 QUADRA 15 BRISAMAR - I23826420ITAGUAI        RJUNIAO UMB DOS CULTOS AFRO BRAS    31011810 000084
10231987175000168817800093673    00005795                     000057950000000000000109                     I015795      31011800000000035003410000017N261217050900000000000103101180000000000000000000000000000000000000000100038183868720ZILDA SIMOES DO NASCIMENTO MAN          RUA IBITINGA N 31 LOTE 9                PARQUE SAO B26167160BELFORD ROXO   RJUNIAO UMB DOS CULTOS AFRO BRAS    31011810 000085
10231987175000168817800093673    00005794                     000057940000000000000109                     I015794      31011800000000035003410000017N261217050900000000000103101180000000000000000000000000000000000000000100084597763791VERA LUCIA PASSOS DA COSTA              O MESMO                                 O MESMO     22723497RIO DE JANEIRO RJUNIAO UMB DOS CULTOS AFRO BRAS    31011810 000086
10231987175000168817800093673    00005793                     000057930000000000000109                     I015793      31011800000000035003410000017N261217050900000000000103101180000000000000000000000000000000000000000100002596844737NANCI BARCELOS MACIEL                   MESMO                                   MESMO       21320030RIO DE JANEIRO RJUNIAO UMB DOS CULTOS AFRO BRAS    31011810 000087
10231987175000168817800093673    00005792                     000057920000000000000109                     I015792      31011800000000035003410000017N261217050900000000000103101180000000000000000000000000000000000000000100008714370743NEUZELI SIMOES CARVALHO DE SOU          RUA ENGENHEIRO HENRIQUE LUSSACK N 926   EDSON PASSOS26553500MESQUITA       RJUNIAO UMB DOS CULTOS AFRO BRAS    31011810 000088
10231987175000168817800093673    00005791                     000057910000000000000109                     I015791      31011800000000035003410000017N261217050900000000000103101180000000000000000000000000000000000000000100015477441704RAFAEL LOPES DOS SANTOS                 RUA ARARUAMA N 18 CASA 2                VILAR DOS TE25571430SAO JOAO DE MERRJUNIAO UMB DOS CULTOS AFRO BRAS    31011810 000089
10231987175000168817800093673    00005790                     000057900000000000000109                     I015790      31011800000000035003410000017N261217050900000000000103101180000000000000000000000000000000000000000100009948535723ANA CAROLINA VICENTE TELLES GO          RUA PACHECO JUNIOR N 151                BRAZ DE PINA21211170RIO DE JANEIRO RJUNIAO UMB DOS CULTOS AFRO BRAS    31011810 000090
10231987175000168817800093673    00005789                     000057890000000000000109                     I015789      31011800000000035003410000017N261217050900000000000103101180000000000000000000000000000000000000000100010031741754ALCINEA BENEDITO CARDOSO                RUA DARIDA DE JESUS, 58 CASA 4          JARDIM CENTR23890145RIO DE JANEIRO RJUNIAO UMB DOS CULTOS AFRO BRAS    31011810 000091
10231987175000168817800093673    00005788                     000057880000000000000109                     I015788      31011800000000035003410000017N261217050900000000000103101180000000000000000000000000000000000000000100009850935790ANA PAULA SOARES DA SILVA               RUA TURVO, 331 CASA 1                   IRAJA - RJ  21371240RIO DE JANEIRO RJUNIAO UMB DOS CULTOS AFRO BRAS    31011810 000092
10231987175000168817800093673    00005787                     000057870000000000000109                     I015787      31011800000000035003410000017N261217050900000000000103101180000000000000000000000000000000000000000100089227140778ISIS FONSECA ALVES                      RUA GUACIRA, 135 FUNDOS                 BRAS DE PINA21011170RIO DE JANEIRO RJUNIAO UMB DOS CULTOS AFRO BRAS    31011810 000093
10231987175000168817800093673    00005786                     000057860000000000000109                     I015786      31011800000000035003410000017N261217050900000000000103101180000000000000000000000000000000000000000100045704724787PALMIRA FERREIRA NAVARRO                RUA MARTE, 999                          SANTA TERESI26240290MESQUITA       RJUNIAO UMB DOS CULTOS AFRO BRAS    31011810 000094
10231987175000168817800093673    00005784                     000057840000000000000109                     I015784      31011800000000035003410000017N261217050900000000000103101180000000000000000000000000000000000000000100085339695700DAYSE DE ALMEIDA SOARES                 O MESMO                                 O MESMO     22750054RIO DE JANEIRO RJUNIAO UMB DOS CULTOS AFRO BRAS    31011810 000095
10231987175000168817800093673    00005783                     000057830000000000000109                     I015783      31011800000000035003410000017N261217050900000000000103101180000000000000000000000000000000000000000100043719791734MARIA DA CONCEICAO BORGES               RUA DO GOVERNO, 222 CASA 10             REALENGO - R21770100RIO DE JANEIRO RJUNIAO UMB DOS CULTOS AFRO BRAS    31011810 000096
10231987175000168817800093673    00005782                     000057820000000000000109                     I015782      31011800000000035003410000017N261217050900000000000103101180000000000000000000000000000000000000000100072386296700FERNANDO LOPES NARCISO                  RUA IPINAMBES, 196                      TAQUARA - JA22730210RIO DE JANEIRO RJUNIAO UMB DOS CULTOS AFRO BRAS    31011810 000097
10231987175000168817800093673    00005781                     000057810000000000000109                     I015781      31011800000000035003410000017N261217050900000000000103101180000000000000000000000000000000000000000100014190708780MATHEUS APOLONIO DO AMARAL              TRAVESSA SILVEIRA DA MOTA, 24 CASA 2    SAO LOURENCO24060048NITEROI        RJUNIAO UMB DOS CULTOS AFRO BRAS    31011810 000098
10231987175000168817800093673    00005780                     000057800000000000000109                     I015780      31011800000000035003410000017N261217050900000000000103101180000000000000000000000000000000000000000100013513344890LUCIANO MAURICIO ESTEVES OSTER          ESTRADA ANTONIO DOS REIS CARNEIRO, 154  SAO JOSE - B26193320BELFORD ROXO   RJUNIAO UMB DOS CULTOS AFRO BRAS    31011810 000099
10231987175000168817800093673    00005779                     000057790000000000000109                     I015779      31011800000000035003410000017N261217050900000000000103101180000000000000000000000000000000000000000100060709910797FATIMA REGINA CARVALHO                  RUA GENERAL EMIR, QUADRA 39 LOTE 1 CASA ITAIPUACU - 24935540MARICA         RJUNIAO UMB DOS CULTOS AFRO BRAS    31011810 000100
10231987175000168817800093673    00005778                     000057780000000000000109                     I015778      31011800000000035003410000017N261217050900000000000103101180000000000000000000000000000000000000000100009952239718EVANGELO RAIMUNDO                       RUA GENUINO SIQUEIRA, 52                JARDIM MERIT25555300SAO JOAO DE MERRJUNIAO UMB DOS CULTOS AFRO BRAS    31011810 000101
10231987175000168817800093673    00005777                     000057770000000000000109                     I015777      31011800000000035003410000017N261217050900000000000103101180000000000000000000000000000000000000000100005626387745VANIA SANTIAGO                          RUA MANOEL VIEIRA, 576                  CENTRO - DUQ25020210DUQUE DE CAXIASRJUNIAO UMB DOS CULTOS AFRO BRAS    31011810 000102
10231987175000168817800093673    00005776                     000057760000000000000109                     I015776      31011800000000035003410000017N261217050900000000000103101180000000000000000000000000000000000000000100083492909787MARCIA DA COSTA BRANDAO                 TRAVESSA MALAFAIA, 49                   DEL CASTILHO21050620RIO DE JANEIRO RJUNIAO UMB DOS CULTOS AFRO BRAS    31011810 000103
10231987175000168817800093673    00005775                     000057750000000000000109                     I015775      31011800000000035003410000017N261217050900000000000103101180000000000000000000000000000000000000000100003867378789ANGELA MIRANDA                          RUA MAZONHA, LT 1 QD 14 - LOTEAMENTO JD CHAPERO - IT23812245ITAGUAI        RJUNIAO UMB DOS CULTOS AFRO BRAS    31011810 000104
10231987175000168817800093673    00005774                     000057740000000000000109                     I015774      31011800000000035003410000017N261217050900000000000103101180000000000000000000000000000000000000000100008665082794CARLOS EDUARDO DE ALMEIDA BOSI          RUA SARGENTO PAULO MOREIRA, 91          SANTO AGOSTI27211150VOLTA REDONDA  RJUNIAO UMB DOS CULTOS AFRO BRAS    31011810 000105
10231987175000168817800093673    00005773                     000057730000000000000109                     I015773      31011800000000035003410000017N261217050900000000000103101180000000000000000000000000000000000000000100001413305709LUCIO MAURO DE AQUINO BARBOSA           RUA FAIA, 455                           ROCHA MIRAND21545110RIO DE JANEIRO RJUNIAO UMB DOS CULTOS AFRO BRAS    31011810 000106
10231987175000168817800093673    00005772                     000057720000000000000109                     I015772      31011800000000035003410000017N261217050900000000000103101180000000000000000000000000000000000000000100007631285705ANDERSON DE OLIVEIRA INACIO             RUA NOSSA SENHORA DE FATIMA, 29         PENHA - RJ  21072750RIO DE JANEIRO RJUNIAO UMB DOS CULTOS AFRO BRAS    31011810 000107
10231987175000168817800093673    00005771                     000057710000000000000109                     I015771      31011800000000035003410000017N261217050900000000000103101180000000000000000000000000000000000000000100003341576762FATIMA REGINA PAREDE                    RUA NANCI, 116                          DE MAIO - NO26052650NOVA IGUACU    RJUNIAO UMB DOS CULTOS AFRO BRAS    31011810 000108
10231987175000168817800093673    00005770                     000057700000000000000109                     I015770      31011800000000035003410000017N261217050900000000000103101180000000000000000000000000000000000000000100057231737749ELIZABETE CARVALHO COSTA                RUA EXPEDICIONARIO SIMAO FERNANDES, 31 BCOLUMBANDE -24451700SAO GONCALO    RJUNIAO UMB DOS CULTOS AFRO BRAS    31011810 000109
10231987175000168817800093673    00005769                     000057690000000000000109                     I015769      31011800000000035003410000017N261217050900000000000103101180000000000000000000000000000000000000000100077351436649RONALDO MARTINS DOS SANTOS              RUA DOMINGOS MARCOS DA SILVA,196        SENHOR DOS M36300356SAO JOAO DEL REMGUNIAO UMB DOS CULTOS AFRO BRAS    31011810 000110
10231987175000168817800093673    00005768                     000057680000000000000109                     I015768      31011800000000035003410000017N261217050900000000000103101180000000000000000000000000000000000000000100016369746789JOAO VITOR LEANDRO DOS SANTOS           AVENIDA PREFEITO BRAULINO DE MATOS REIS,LEOPOLDINA -25060445D. CAXIAS      RJUNIAO UMB DOS CULTOS AFRO BRAS    31011810 000111
10231987175000168817800093673    00005767                     000057670000000000000109                     I015767      31011800000000035003410000017N261217050900000000000103101180000000000000000000000000000000000000000100083493336772CARLOS FRANCISCO ARAGAO DE GOU          RUA DA CARIDADE, LOTE 39 QUADRA 2       TAQUARA - D.25275010DUQUE DE CAXIASRJUNIAO UMB DOS CULTOS AFRO BRAS    31011810 000112
10231987175000168817800093673    00005766                     000057660000000000000109                     I015766      31011800000000035003410000017N261217050900000000000103101180000000000000000000000000000000000000000100015458844718ANDRE LUIZ TRINDADE JUNIOR              RUA ERTA, 25                            IMPERADOR - 25900001MAGE           RJUNIAO UMB DOS CULTOS AFRO BRAS    31011810 000113
10231987175000168817800093673    00005765                     000057650000000000000109                     I015765      31011800000000035003410000017N261217050900000000000103101180000000000000000000000000000000000000000100003139923716ANDRE MARQUES POLICARPO                 RUA PIRACANJUBA  LOTE 11 QUADRA 209     JARDIM CATAR24716051SAO GONCALO    RJUNIAO UMB DOS CULTOS AFRO BRAS    31011810 000114
10231987175000168817800093673    00005764                     000057640000000000000109                     I015764      31011800000000035003410000017N261217050900000000000103101180000000000000000000000000000000000000000100080801048753SUZEEL RODRIGUES BISPO BENJAMI          RUA CURITIBA, 98                        REALENGO - R21730240RIO DE JANEIRO RJUNIAO UMB DOS CULTOS AFRO BRAS    31011810 000115
10231987175000168817800093673    00005763                     000057630000000000000109                     I015763      31011800000000035003410000017N261217050900000000000103101180000000000000000000000000000000000000000100002730493727ALBERTO ALEXANDRE DOS SANTOS M          RUA ECA DE QUEIROZ, QUADRA 60 LOTE 2    PANTANAL - D25040350DUQUE DE CAXIASRJUNIAO UMB DOS CULTOS AFRO BRAS    31011810 000116
10231987175000168817800093673    00005762                     000057620000000000000109                     I015762      31011800000000035003410000017N261217050900000000000103101180000000000000000000000000000000000000000100006156525734SAFIRA COELHO DA CRUZ                   RUA LUKENIE, 88                         CURICICA - T22775480RIO DE JANEIRO RJUNIAO UMB DOS CULTOS AFRO BRAS    31011810 000117
10231987175000168817800093673    00005761                     000057610000000000000109                     I015761      31011800000000035003410000017N261217050900000000000103101180000000000000000000000000000000000000000100027313590725JOAO BATISTA FERREIRA                   RUA TEIXEIRA PINTO, 116                 ENGENHEIRO B25520210SAO JOAO DE MERRJUNIAO UMB DOS CULTOS AFRO BRAS    31011810 000118
10231987175000168817800093673    00005760                     000057600000000000000109                     I015760      31011800000000035003410000017N261217050900000000000103101180000000000000000000000000000000000000000100000740142771PAULO SERGIO FONTES DE SOUSA            RODOVIA LUCIO MEIRA, 45772 - KM 249 BR-3MINUANO - BA27115190BARRA DO PIRAI RJUNIAO UMB DOS CULTOS AFRO BRAS    31011810 000119
10231987175000168817800093673    00005759                     000057590000000000000109                     I015759      31011800000000035003410000017N261217050900000000000103101180000000000000000000000000000000000000000100061269743791JUREMA MARCIA COELHO CETERUELO          RUA TERESOPOLIS, 46                     JARDIM METRO25570371SAO JOAO DE MERRJUNIAO UMB DOS CULTOS AFRO BRAS    31011810 000120
10231987175000168817800093673    00005757                     000057570000000000000109                     I015757      31011800000000035003410000017N261217050900000000000103101180000000000000000000000000000000000000000100069865752700HUGO MAGALHAES PEREIRA FILHO            RUA BAGDA, 70                           PANTANAL - D25040400DUQUE DE CAXIASRJUNIAO UMB DOS CULTOS AFRO BRAS    31011810 000121
10231987175000168817800093673    00005755                     000057550000000000000109                     I015755      31011800000000035003410000017N261217050900000000000103101180000000000000000000000000000000000000000100012767487798WALACE ALFREDO PEREIRA                  RUA DICURANA, 15                        COSMOS - RJ 23059340RIO DE JANEIRO RJUNIAO UMB DOS CULTOS AFRO BRAS    31011810 000122
10231987175000168817800093673    00005754                     000057540000000000000109                     I015754      31011800000000035003410000017N261217050900000000000103101180000000000000000000000000000000000000000100079227422749ROGERIO DOS SANTOS                      RUA LOURENCO CAMPOS, 156 CASA 1         SAO MATEUS -25525711SAO JOAO DE MERRJUNIAO UMB DOS CULTOS AFRO BRAS    31011810 000123
10231987175000168817800093673    00005729                     000057290000000000000109                     I015729      31011800000000035003410000017N261217050900000000000103101180000000000000000000000000000000000000000100007186292720RENATO GONCALVES DUARTE                 RUA CORONEL ALBERTO DE MELLO, 113       CENTENARIO -25030150DUQUE DE CAXIASRJUNIAO UMB DOS CULTOS AFRO BRAS    31011810 000124
9                                                                                                                                                                                                                                                                                                                                                                                                         000125
