01REMESSA01COBRANCA       916200163100        União Umb dos Cultos Afro Bra341BANCO ITAU SA  240419                                                                                                                                                                                                                                                                                                      000001
10231987175000168916200163100    000045110                    000451100000000000000109                     I0145110     31051900000000120003410000017N240419105700000000000103105190000000000000000000000000000000000000000100027686205720DENNIS CLARE                            RUA RATICLIFFN 105,                     RIACHUELO   20950170RIO DE JANEIRO RJUNIAO UMB DOS CULTOS AFRO BRAS    31051915 000002
10231987175000168916200163100    000045109                    000451090000000000000109                     I0145109     31051900000000080003410000017N240419105700000000000103105190000000000000000000000000000000000000000100027686205720DENNIS CLARE                            RUA RATICLIFFN 105,                     RIACHUELO   20950170RIO DE JANEIRO RJUNIAO UMB DOS CULTOS AFRO BRAS    31051915 000003
10231987175000168916200163100    000045108                    000451080000000000000109                     I0145108     31051900000000120003410000017N240419105700000000000103105190000000000000000000000000000000000000000100018801293704NORMA RAMOS VIANNA                      AVENIDA PERNAMBUCANAN 1680,             VILA ROSALI 25510430SAO JOAO DE MERRJUNIAO UMB DOS CULTOS AFRO BRAS    31051915 000004
10231987175000168916200163100    000045107                    000451070000000000000109                     I0145107     30061900000000040003410000017N240419105700000000000103006190000000000000000000000000000000000000000100012663149705DIEGO PARREIRA DE ARAUJO                RUA EMENERGILDA DE SOUZAN 20, QUADRA 18 JARDINS     23890103SEROPEDICA     RJUNIAO UMB DOS CULTOS AFRO BRAS    30061915 000005
10231987175000168916200163100    000045106                    000451060000000000000109                     I0145106     31051900000000040003410000017N240419105700000000000103105190000000000000000000000000000000000000000100012663149705DIEGO PARREIRA DE ARAUJO                RUA EMENERGILDA DE SOUZAN 20, QUADRA 18 JARDINS     23890103SEROPEDICA     RJUNIAO UMB DOS CULTOS AFRO BRAS    31051915 000006
10231987175000168916200163100    000045105                    000451050000000000000109                     I0145105     06051900000000040003410000017N240419105700000000000100605190000000000000000000000000000000000000000100012663149705DIEGO PARREIRA DE ARAUJO                RUA EMENERGILDA DE SOUZAN 20, QUADRA 18 JARDINS     23890103SEROPEDICA     RJUNIAO UMB DOS CULTOS AFRO BRAS    06051915 000007
10231987175000168916200163100    000045104                    000451040000000000000109                     I0145104     17051900000000080003410000017N240419105700000000000101705190000000000000000000000000000000000000000100065096100782TANIA REGINA FIRMINO                    RUA: PARAN 13,                          PILAR       25235202DUQUE DE CAXIASRJUNIAO UMB DOS CULTOS AFRO BRAS    17051915 000008
10231987175000168916200163100    000045103                    000451030000000000000109                     I0145103     30061900000000040003410000017N240419105700000000000103006190000000000000000000000000000000000000000100054929520720MARISE CARDOSO DA ROCHA                 RUA: SANTANA DO IPANEMAN 176, APTº 102 PADRE MIGUEL21870340RIO DE JANEIRO RJUNIAO UMB DOS CULTOS AFRO BRAS    30061915 000009
10231987175000168916200163100    000045102                    000451020000000000000109                     I0145102     30051900000000040003410000017N240419105700000000000103005190000000000000000000000000000000000000000100054929520720MARISE CARDOSO DA ROCHA                 RUA: SANTANA DO IPANEMAN 176, APTº 102 PADRE MIGUEL21870340RIO DE JANEIRO RJUNIAO UMB DOS CULTOS AFRO BRAS    30051915 000010
10231987175000168916200163100    000045101                    000451010000000000000109                     I0145101     30051900000000040003410000017N240419105700000000000103005190000000000000000000000000000000000000000100054929520720MARISE CARDOSO DA ROCHA                 RUA: SANTANA DO IPANEMAN 176, APTº 102 PADRE MIGUEL21870340RIO DE JANEIRO RJUNIAO UMB DOS CULTOS AFRO BRAS    30051915 000011
10231987175000168916200163100    000045100                    000451000000000000000109                     I0145100     28061900000000040003410000017N240419105700000000000102806190000000000000000000000000000000000000000100011886231761THALLES CASSIANO SERRA LIMA             RUA SALDANHA DA GAMAN 181,              ENGENHO DO P25015295DUQUE DE CAXIASRJUNIAO UMB DOS CULTOS AFRO BRAS    28061915 000012
10231987175000168916200163100    000045099                    000450990000000000000109                     I0145099     28061900000000040003410000017N240419105700000000000102806190000000000000000000000000000000000000000100008658808750LUIS CARLOS FARIAS DUARTE               RUA: RODOLFO GARCIA N 90, FUNDOS        CAMPO GRANDE23070430RIO DE JANEIRO RJUNIAO UMB DOS CULTOS AFRO BRAS    28061915 000013
10231987175000168916200163100    000045098                    000450980000000000000109                     I0145098     31051900000000040003410000017N240419105700000000000103105190000000000000000000000000000000000000000100008658808750LUIS CARLOS FARIAS DUARTE               RUA: RODOLFO GARCIA N 90, FUNDOS        CAMPO GRANDE23070430RIO DE JANEIRO RJUNIAO UMB DOS CULTOS AFRO BRAS    31051915 000014
10231987175000168916200163100    000045097                    000450970000000000000109                     I0145097     30061900000000040003410000017N240419105700000000000103006190000000000000000000000000000000000000000100001435917707CLAUDIA MARISA DIAS RAMOS               AVENIDA VEREADOR RAFAEL GIRARDIN 64, CAICENTRO      36500970UBA            MGUNIAO UMB DOS CULTOS AFRO BRAS    30061915 000015
10231987175000168916200163100    000045096                    000450960000000000000109                     I0145096     31051900000000040003410000017N240419105700000000000103105190000000000000000000000000000000000000000100001435917707CLAUDIA MARISA DIAS RAMOS               AVENIDA VEREADOR RAFAEL GIRARDIN 64, CAICENTRO      36500970UBA            MGUNIAO UMB DOS CULTOS AFRO BRAS    31051915 000016
10231987175000168916200163100    000045095                    000450950000000000000109                     I0145095     31051900000000040003410000017N240419105700000000000103105190000000000000000000000000000000000000000100011886231761THALLES CASSIANO SERRA LIMA             RUA SALDANHA DA GAMAN 181,              ENGENHO DO P25015295DUQUE DE CAXIASRJUNIAO UMB DOS CULTOS AFRO BRAS    31051915 000017
10231987175000168916200163100    000045094                    000450940000000000000109                     I0145094     28061900000000040003410000017N240419105700000000000102806190000000000000000000000000000000000000000100002412663785BARBARA DE MELO FERREIRA                RUA MARQUESA DE GRIZELDAN 1439, APARTAMECENTRO      26553290MESQUITA       RJUNIAO UMB DOS CULTOS AFRO BRAS    28061915 000018
10231987175000168916200163100    000045093                    000450930000000000000109                     I0145093     31051900000000040003410000017N240419105700000000000103105190000000000000000000000000000000000000000100002412663785BARBARA DE MELO FERREIRA                RUA MARQUESA DE GRIZELDAN 1439, APARTAMECENTRO      26553290MESQUITA       RJUNIAO UMB DOS CULTOS AFRO BRAS    31051915 000019
10231987175000168916200163100    000045092                    000450920000000000000109                     I0145092     30061900000000040003410000017N240419105700000000000103006190000000000000000000000000000000000000000100074729055772SONIA REGINA DE PAIVA                   RUA: RODRIGUES CAMPELO N 17,            CAMPO GRANDE23017210RIO DE JANEIRO RJUNIAO UMB DOS CULTOS AFRO BRAS    30061915 000020
10231987175000168916200163100    000045091                    000450910000000000000109                     I0145091     30051900000000040003410000017N240419105700000000000103005190000000000000000000000000000000000000000100074729055772SONIA REGINA DE PAIVA                   RUA: RODRIGUES CAMPELO N 17,            CAMPO GRANDE23017210RIO DE JANEIRO RJUNIAO UMB DOS CULTOS AFRO BRAS    30051915 000021
10231987175000168916200163100    000045090                    000450900000000000000109                     I0145090     20051900000000350003410000017N240419105700000000000102005190000000000000000000000000000000000000000100003159130452VICENTE FELICIO DA SILVA                RUA LUIZA NEOFILA PIMENTAN 156,         ALTO DA CAPE59680000CAMPO GRANDE   RNUNIAO UMB DOS CULTOS AFRO BRAS    20051915 000022
10231987175000168916200163100    000045089                    000450890000000000000109                     I0145089     30041900000000440003410000017N240419105700000000000103004190000000000000000000000000000000000000000100051562430700EMILIA SANTANA MORAIS                   RUA JORNALISTA MOACIR PADILHAN 276, FUNDCENTRO      24020350NITEROI        RJUNIAO UMB DOS CULTOS AFRO BRAS    30041915 000023
10231987175000168916200163100    000045088                    000450880000000000000109                     I0145088     30041900000000160003410000017N240419105700000000000103004190000000000000000000000000000000000000000100007403387732MARCOS MAURICIO DOS SANTOS COS          RUA: BOA VISTAN 299,                    CARAMUJO    24140460NITEROI        RJUNIAO UMB DOS CULTOS AFRO BRAS    30041915 000024
10231987175000168916200163100    000044788                    000447880000000000000109                     I0244788     30061900000000040003410000017N130319105700000000000103006190000000000000000000000000000000000000000100081733577734JOSE CARLOS DE ORNELAS SOARES           RUA PROJETADAN 20, CASA 1               LARGO DO MAC28770000SANTA MARIA MADRJUNIAO UMB DOS CULTOS AFRO BRAS    30061915 000025
10231987175000168916200163100    000044049                    000440490000000000000109                     I0244049     30061900000000040003410000017N130319105700000000000103006190000000000000000000000000000000000000000100004750450766ALEX KELLY CALDERARO                    RUA TENENTE JERONIMO MESQUITAN 53,      IRAJA       21371300RIO DE JANEIRO RJUNIAO UMB DOS CULTOS AFRO BRAS    30061915 000026
10231987175000168916200163100    000043846                    000438460000000000000109                     I0243846     30061900000000040003410000017N130319105700000000000103006190000000000000000000000000000000000000000100054929520720MARISE CARDOSO DA ROCHA                 RUA: SANTANA DO IPANEMAN 176, APTº 102 PADRE MIGUEL21870340RIO DE JANEIRO RJUNIAO UMB DOS CULTOS AFRO BRAS    30061915 000027
10231987175000168916200163100    000043134                    000431340000000000000109                     I0243134     30051900000000040003410000017N130319105700000000000103005190000000000000000000000000000000000000000100081733577734JOSE CARLOS DE ORNELAS SOARES           RUA PROJETADAN 20, CASA 1               LARGO DO MAC28770000SANTA MARIA MADRJUNIAO UMB DOS CULTOS AFRO BRAS    30051915 000028
10231987175000168916200163100    000043093                    000430930000000000000109                     I0243093     30051900000000040003410000017N130319105700000000000103005190000000000000000000000000000000000000000100007324540775JAQUELINE DE LIMA ALMEIDA DE J          RUA JOAQUIM ARRUDAN 13, QUADRA 39 LOTE 4JARDIM SAO P25935800MAGE           RJUNIAO UMB DOS CULTOS AFRO BRAS    30051915 000029
10231987175000168916200163100    000042406                    000424060000000000000109                     I0242406     30051900000000040003410000017N130319105700000000000103005190000000000000000000000000000000000000000100059841672715MONICA TARDELLE                         RUA CAROLINA SANTOSN 47, BLOCO 1 APARTAMLINS DE VASC20720311RIO DE JANEIRO RJUNIAO UMB DOS CULTOS AFRO BRAS    30051915 000030
10231987175000168916200163100    000042403                    000424030000000000000109                     I0242403     30051900000000040003410000017N130319105700000000000103005190000000000000000000000000000000000000000100004750450766ALEX KELLY CALDERARO                    RUA TENENTE JERONIMO MESQUITAN 53,      IRAJA       21371300RIO DE JANEIRO RJUNIAO UMB DOS CULTOS AFRO BRAS    30051915 000031
10231987175000168916200163100    000042201                    000422010000000000000109                     I0242201     30051900000000040003410000017N130319105700000000000103005190000000000000000000000000000000000000000100054929520720MARISE CARDOSO DA ROCHA                 RUA: SANTANA DO IPANEMAN 176, APTº 102 PADRE MIGUEL21870340RIO DE JANEIRO RJUNIAO UMB DOS CULTOS AFRO BRAS    30051915 000032
10231987175000168916200163100    000041600                    000416000000000000000109                     I0241600     30051900000000040003410000017N130319105700000000000103005190000000000000000000000000000000000000000100089190335791ELIZABETH MACHADO MARINS                RUA SAO MARCIANON 59,                   PRACA SECA  21321260RIO DE JANEIRO RJUNIAO UMB DOS CULTOS AFRO BRAS    30051915 000033
10231987175000168916200163100    000041492                    000414920000000000000109                     I0241492     30041900000000040003410000017N120319105700000000000103004190000000000000000000000000000000000000000100081733577734JOSE CARLOS DE ORNELAS SOARES           RUA PROJETADAN 20, CASA 1               LARGO DO MAC28770000SANTA MARIA MADRJUNIAO UMB DOS CULTOS AFRO BRAS    30041915 000034
10231987175000168916200163100    000041451                    000414510000000000000109                     I0241451     30041900000000040003410000017N120319105700000000000103004190000000000000000000000000000000000000000100007324540775JAQUELINE DE LIMA ALMEIDA DE J          RUA JOAQUIM ARRUDAN 13, QUADRA 39 LOTE 4JARDIM SAO P25935800MAGE           RJUNIAO UMB DOS CULTOS AFRO BRAS    30041915 000035
10231987175000168916200163100    000041404                    000414040000000000000109                     I0241404     30041900000000040003410000017N120319105700000000000103004190000000000000000000000000000000000000000100012119575789RAYKA DA SILVA BATISTA                  RUA PARAISON 33,                        PIABETA     25931638MAGE           RJUNIAO UMB DOS CULTOS AFRO BRAS    30041915 000036
10231987175000168916200163100    000040769                    000407690000000000000109                     I0240769     30041900000000040003410000017N120319105700000000000103004190000000000000000000000000000000000000000100059841672715MONICA TARDELLE                         RUA CAROLINA SANTOSN 47, BLOCO 1 APARTAMLINS DE VASC20720311RIO DE JANEIRO RJUNIAO UMB DOS CULTOS AFRO BRAS    30041915 000037
10231987175000168916200163100    000040766                    000407660000000000000109                     I0240766     30041900000000040003410000017N120319105700000000000103004190000000000000000000000000000000000000000100004750450766ALEX KELLY CALDERARO                    RUA TENENTE JERONIMO MESQUITAN 53,      IRAJA       21371300RIO DE JANEIRO RJUNIAO UMB DOS CULTOS AFRO BRAS    30041915 000038
10231987175000168916200163100    000040683                    000406830000000000000109                     I0240683     30041900000000040003410000017N120319105700000000000103004190000000000000000000000000000000000000000100002673106766JANAINA MARQUES ALVES SANTOS T          RUA DOS RUBISN 519, A SOBRADO           ROCHA MIRAND21510012RIO DE JANEIRO RJUNIAO UMB DOS CULTOS AFRO BRAS    30041915 000039
10231987175000168916200163100    000040566                    000405660000000000000109                     I0240566     30041900000000040003410000017N120319105700000000000103004190000000000000000000000000000000000000000100054929520720MARISE CARDOSO DA ROCHA                 RUA: SANTANA DO IPANEMAN 176, APTº 102 PADRE MIGUEL21870340RIO DE JANEIRO RJUNIAO UMB DOS CULTOS AFRO BRAS    30041915 000040
9                                                                                                                                                                                                                                                                                                                                                                                                         000041
