01REMESSA01COBRANCA       817800093673        União Umb dos Cultos Afro Bra341BANCO ITAU SA  160418                                                                                                                                                                                                                                                                                                      000001
10231987175000168817800093673    000014401                    000144010000000000000109                     I0114401     30051800000000035003410000017N140418104700000000000103005180000000000000000000000000000000000000000100002735190773EDIVAN FARIAS DA SILVA                  RUA EDNA MEDEIROS, 69 - JARDIM MARILICE CORUMBA - NO26042430NOVA IGUACU    RJUNIAO UMB DOS CULTOS AFRO BRAS    30051810 000002
10231987175000168817800093673    000014309                    000143090000000000000109                     I0214309     04041800000000350003410000017N020418104700000000000100404180000000000000000000000000000000000000000100001230403701DENILSON MOTA DRUMOND                   RUA, ALVES DA COSTA Nº 24 - ITAIPU     CHANGRILA - 26140320BELFORD ROXO   RJUNIAO UMB DOS CULTOS AFRO BRAS    04041810 000003
10231987175000168817800093673    000013940                    000139400000000000000109                     I0213940     23021800000000105003410000017N200218104700000000000102302180000000000000000000000000000000000000000100077575768734CARLOS ALBERTO BAPTISTA                 RUA DOUTOR NOGUCHI, 220                 RAMOS - RJ  21060420RIO DE JANEIRO RJUNIAO UMB DOS CULTOS AFRO BRAS    23021810 000004
10231987175000168817800093673    000013319                    000133190000000000000109                     I0213319     30051800000000035003410000017N200218104700000000000103005180000000000000000000000000000000000000000100014662855756JEFERSON DOS SANTOS                     O MESMO                                 O MESMO     26160190BELFORD ROXO   RJUNIAO UMB DOS CULTOS AFRO BRAS    30051810 000005
10231987175000168817800093673    000013258                    000132580000000000000109                     I0213258     30051800000000035003410000017N200218104700000000000103005180000000000000000000000000000000000000000100007151714700VERONICA CONCEICAO DE SOUZA AN          O MESMO                                 0 MESMO     21545420RIO DE JANEIRO RJUNIAO UMB DOS CULTOS AFRO BRAS    30051810 000006
10231987175000168817800093673    000013212                    000132120000000000000109                     I0213212     30051800000000035003410000017N200218104700000000000103005180000000000000000000000000000000000000000100001230403701DENILSON MOTA DRUMOND                   RUA, ALVES DA COSTA Nº 24 - ITAIPU     CHANGRILA - 26140320BELFORD ROXO   RJUNIAO UMB DOS CULTOS AFRO BRAS    30051810 000007
10231987175000168817800093673    000013126                    000131260000000000000109                     I0213126     30051800000000035003410000017N200218104700000000000103005180000000000000000000000000000000000000000100052417760797TANIA CRISTINA DOS SANTOS MORE          RUA NOVA ESPANHA, 235 - CAMPO ALEGRE    TRES MARIAS 26292327NOVA IGUACU    RJUNIAO UMB DOS CULTOS AFRO BRAS    30051810 000008
10231987175000168817800093673    000012977                    000129770000000000000109                     I3412977     30051800000000035003410000017N200218104700000000000103005180000000000000000000000000000000000000000100088046060704NATALINA DE JESUS PEREIRA DE O          RUA SAPOPEMBA N 524                     BENTO RIBEIR21331240RIO DE JANEIRO RJUNIAO UMB DOS CULTOS AFRO BRAS    30051810 000009
10231987175000168817800093673    000012734                    000127340000000000000109                     I0212734     30051800000000035003410000017N200218104700000000000103005180000000000000000000000000000000000000000100004751333747CARLOS EDUARDO DE SOUZA ALVES           RUA: URANOS Nº 563                     BONSUCESSO -21060070RIO DE JANEIRO RJUNIAO UMB DOS CULTOS AFRO BRAS    30051810 000010
10231987175000168817800093673    000012334                    000123340000000000000109                     I0212334     30051800000000035003410000017N200218104700000000000103005180000000000000000000000000000000000000000200000000000723ROSA MONIQUE SOUZA DA SILVA             RUA COSTA JUNIOR, 11                    VILA KENEDY 21853280RIO DE JANEIRO RJUNIAO UMB DOS CULTOS AFRO BRAS    30051810 000011
10231987175000168817800093673    000011990                    000119900000000000000109                     I0211990     30041800000000035003410000017N200218104700000000000103004180000000000000000000000000000000000000000100002139519752CARLA MARIA DE BRITO DOS SANTO          RUA QUINZE  275 CASA 4                  PARQUE SANTA25271750DUQUE DE CAXIASRJUNIAO UMB DOS CULTOS AFRO BRAS    30041810 000012
10231987175000168817800093673    000011953                    000119530000000000000109                     I3411953     30041800000000035003410000017N200218104700000000000103004180000000000000000000000000000000000000000100040262146720ARABELA SILVA CAMPOS DOS REIS           RUA DUARTE TEIXEIRA, 349 CASA 4         QUINTINO BOC21311330RIO DE JANEIRO RJUNIAO UMB DOS CULTOS AFRO BRAS    30041810 000013
10231987175000168817800093673    000011649                    000116490000000000000109                     I0211649     30041800000000035003410000017N200218104700000000000103004180000000000000000000000000000000000000000100007151714700VERONICA CONCEICAO DE SOUZA AN          O MESMO                                 0 MESMO     21545420RIO DE JANEIRO RJUNIAO UMB DOS CULTOS AFRO BRAS    30041810 000014
10231987175000168817800093673    000011603                    000116030000000000000109                     I0211603     30041800000000035003410000017N200218104700000000000103004180000000000000000000000000000000000000000100001230403701DENILSON MOTA DRUMOND                   RUA, ALVES DA COSTA Nº 24 - ITAIPU     CHANGRILA - 26140320BELFORD ROXO   RJUNIAO UMB DOS CULTOS AFRO BRAS    30041810 000015
10231987175000168817800093673    000011517                    000115170000000000000109                     I0211517     30041800000000035003410000017N200218104700000000000103004180000000000000000000000000000000000000000100052417760797TANIA CRISTINA DOS SANTOS MORE          RUA NOVA ESPANHA, 235 - CAMPO ALEGRE    TRES MARIAS 26292327NOVA IGUACU    RJUNIAO UMB DOS CULTOS AFRO BRAS    30041810 000016
10231987175000168817800093673    000011294                    000112940000000000000109                     I0211294     30041800000000035003410000017N200218104700000000000103004180000000000000000000000000000000000000000100075078392734MARCIA HELENA DE AZEVEDO MUNIZ          RUA OSMUNDO PIMENTEL, 70 CASA 1         BRAZ DE PINA00000001RIO DE JANEIRO RJUNIAO UMB DOS CULTOS AFRO BRAS    30041810 000017
10231987175000168817800093673    000011125                    000111250000000000000109                     I0211125     30041800000000035003410000017N200218104700000000000103004180000000000000000000000000000000000000000100004751333747CARLOS EDUARDO DE SOUZA ALVES           RUA: URANOS Nº 563                     BONSUCESSO -21060070RIO DE JANEIRO RJUNIAO UMB DOS CULTOS AFRO BRAS    30041810 000018
10231987175000168817800093673    000010997                    000109970000000000000109                     I0210997     30041800000000035003410000017N200218104700000000000103004180000000000000000000000000000000000000000100003725237735LUCIANO LOPES DA SILVA                  ALAMEDA BUENO AIRES N 370               RIO DO OURO 24752360SAO GONCALO    RJUNIAO UMB DOS CULTOS AFRO BRAS    30041810 000019
10231987175000168817800093673    000010960                    000109600000000000000109                     I0210960     30041800000000035003410000017N200218104700000000000103004180000000000000000000000000000000000000000100065213696791SILVIA ELIZABETE RODRIGUES              RUA JOAO BITTENCOURT, 286               EDSON PASSOS26240510MESQUITA       RJUNIAO UMB DOS CULTOS AFRO BRAS    30041810 000020
10231987175000168817800093673    000010725                    000107250000000000000109                     I0210725     30041800000000035003410000017N200218104700000000000103004180000000000000000000000000000000000000000200000000000723ROSA MONIQUE SOUZA DA SILVA             RUA COSTA JUNIOR, 11                    VILA KENEDY 21853280RIO DE JANEIRO RJUNIAO UMB DOS CULTOS AFRO BRAS    30041810 000021
10231987175000168817800093673    000010470                    000104700000000000000109                     I0210470     30031800000000035003410000017N200218104700000000000103003180000000000000000000000000000000000000000100001148949739MARIA DAS GRACAS SEBASTIANA DO          RUA PEREIRA PINTO N 91                  TOMAS COELHO20761350RIO DE JANEIRO RJUNIAO UMB DOS CULTOS AFRO BRAS    30031810 000022
10231987175000168817800093673    000010381                    000103810000000000000109                     I0210381     30031800000000035003410000017N200218104700000000000103003180000000000000000000000000000000000000000100002139519752CARLA MARIA DE BRITO DOS SANTO          RUA QUINZE  275 CASA 4                  PARQUE SANTA25271750DUQUE DE CAXIASRJUNIAO UMB DOS CULTOS AFRO BRAS    30031810 000023
10231987175000168817800093673    000010197                    000101970000000000000109                     I0210197     30031800000000035003410000017N200218104700000000000103003180000000000000000000000000000000000000000100003747539700MARCIA SANTANA DA SILVA COSTA           RUA GUAIAUNA N 392                      COELHO NETO 21510420RIO DE JANEIRO RJUNIAO UMB DOS CULTOS AFRO BRAS    30031810 000024
10231987175000168817800093673    000010101                    000101010000000000000109                     I0210101     30031800000000035003410000017N200218104700000000000103003180000000000000000000000000000000000000000100014662855756JEFERSON DOS SANTOS                     O MESMO                                 O MESMO     26160190BELFORD ROXO   RJUNIAO UMB DOS CULTOS AFRO BRAS    30031810 000025
10231987175000168817800093673    000010040                    000100400000000000000109                     I0210040     30031800000000035003410000017N200218104700000000000103003180000000000000000000000000000000000000000100007151714700VERONICA CONCEICAO DE SOUZA AN          O MESMO                                 0 MESMO     21545420RIO DE JANEIRO RJUNIAO UMB DOS CULTOS AFRO BRAS    30031810 000026
10231987175000168817800093673    00009994                     000099940000000000000109                     I029994      30031800000000035003410000017N200218104700000000000103003180000000000000000000000000000000000000000100001230403701DENILSON MOTA DRUMOND                   RUA, ALVES DA COSTA Nº 24 - ITAIPU     CHANGRILA - 26140320BELFORD ROXO   RJUNIAO UMB DOS CULTOS AFRO BRAS    30031810 000027
10231987175000168817800093673    00009908                     000099080000000000000109                     I029908      30031800000000035003410000017N200218104700000000000103003180000000000000000000000000000000000000000100052417760797TANIA CRISTINA DOS SANTOS MORE          RUA NOVA ESPANHA, 235 - CAMPO ALEGRE    TRES MARIAS 26292327NOVA IGUACU    RJUNIAO UMB DOS CULTOS AFRO BRAS    30031810 000028
10231987175000168817800093673    00009904                     000099040000000000000109                     I029904      30031800000000035003410000017N200218104700000000000103003180000000000000000000000000000000000000000100081561326704MARCIO ELIAS GONCALVES                  RUA: NOVA Nº 654-A - GUARATIBA         CAMPO GRANDE21820210RIO DE JANEIRO RJUNIAO UMB DOS CULTOS AFRO BRAS    30031810 000029
10231987175000168817800093673    00009685                     000096850000000000000109                     I029685      30031800000000035003410000017N200218104700000000000103003180000000000000000000000000000000000000000100075078392734MARCIA HELENA DE AZEVEDO MUNIZ          RUA OSMUNDO PIMENTEL, 70 CASA 1         BRAZ DE PINA00000001RIO DE JANEIRO RJUNIAO UMB DOS CULTOS AFRO BRAS    30031810 000030
10231987175000168817800093673    00009568                     000095680000000000000109                     I029568      30031800000000035003410000017N200218104700000000000103003180000000000000000000000000000000000000000100082059403715SANDRA HELENA VILLAMOR MONTASS          RUA ARGOS, 693                          GUADALUPE   21660050RIO DE JANEIRO RJUNIAO UMB DOS CULTOS AFRO BRAS    30031810 000031
10231987175000168817800093673    00009516                     000095160000000000000109                     I029516      30031800000000035003410000017N200218104700000000000103003180000000000000000000000000000000000000000100004751333747CARLOS EDUARDO DE SOUZA ALVES           RUA: URANOS Nº 563                     BONSUCESSO -21060070RIO DE JANEIRO RJUNIAO UMB DOS CULTOS AFRO BRAS    30031810 000032
10231987175000168817800093673    00009479                     000094790000000000000109                     I029479      30031800000000035003410000017N200218104700000000000103003180000000000000000000000000000000000000000200000000003341HELENA MARIA DA SILVA                   RUA VINTE E QUATRO DE OUTUBRO,  QUADRA BBARRO BRANCO25267450DUQUE DE CAXIASRJUNIAO UMB DOS CULTOS AFRO BRAS    30031810 000033
10231987175000168817800093673    00009422                     000094220000000000000109                     I029422      30031800000000035003410000017N200218104700000000000103003180000000000000000000000000000000000000000100075643081768ELISABETE MOREIRA FREIRE DA SI          RUA ARACA N 1245                        RICARDO DE A21620050RIO DE JANEIRO RJUNIAO UMB DOS CULTOS AFRO BRAS    30031810 000034
10231987175000168817800093673    00009393                     000093930000000000000109                     I029393      30031800000000035003410000017N200218104700000000000103003180000000000000000000000000000000000000000100083122869772ANDREIA OLIVEIRA DE MENEZES             RUA VICENTE PONTE, 41 - JARDIM CARIOCA  GUARABU - IL21921740RIO DE JANEIRO RJUNIAO UMB DOS CULTOS AFRO BRAS    30031810 000035
10231987175000168817800093673    00009388                     000093880000000000000109                     I029388      30031800000000035003410000017N200218104700000000000103003180000000000000000000000000000000000000000100003725237735LUCIANO LOPES DA SILVA                  ALAMEDA BUENO AIRES N 370               RIO DO OURO 24752360SAO GONCALO    RJUNIAO UMB DOS CULTOS AFRO BRAS    30031810 000036
10231987175000168817800093673    00009351                     000093510000000000000109                     I029351      30031800000000035003410000017N200218104700000000000103003180000000000000000000000000000000000000000100065213696791SILVIA ELIZABETE RODRIGUES              RUA JOAO BITTENCOURT, 286               EDSON PASSOS26240510MESQUITA       RJUNIAO UMB DOS CULTOS AFRO BRAS    30031810 000037
10231987175000168817800093673    00009116                     000091160000000000000109                     I029116      30031800000000035003410000017N200218104700000000000103003180000000000000000000000000000000000000000200000000000723ROSA MONIQUE SOUZA DA SILVA             RUA COSTA JUNIOR, 11                    VILA KENEDY 21853280RIO DE JANEIRO RJUNIAO UMB DOS CULTOS AFRO BRAS    30031810 000038
10231987175000168817800093673    00008365                     000083650000000000000109                     I028365      28021800000000035003410000017N291217104700000000000102802180000000000000000000000000000000000000000100002139519752CARLA MARIA DE BRITO DOS SANTO          RUA QUINZE  275 CASA 4                  PARQUE SANTA25271750DUQUE DE CAXIASRJUNIAO UMB DOS CULTOS AFRO BRAS    28021810 000039
10231987175000168817800093673    00008044                     000080440000000000000109                     I028044      28021800000000035003410000017N291217104700000000000102802180000000000000000000000000000000000000000100004751333747CARLOS EDUARDO DE SOUZA ALVES           RUA: URANOS Nº 563                     BONSUCESSO -21060070RIO DE JANEIRO RJUNIAO UMB DOS CULTOS AFRO BRAS    28021810 000040
10231987175000168817800093673    00007998                     000079980000000000000109                     I027998      28021800000000035003410000017N291217104700000000000102802180000000000000000000000000000000000000000100075643081768ELISABETE MOREIRA FREIRE DA SI          RUA ARACA N 1245                        RICARDO DE A21620050RIO DE JANEIRO RJUNIAO UMB DOS CULTOS AFRO BRAS    28021810 000041
10231987175000168817800093673    00007093                     000070930000000000000109                     I027093      28021800000000035003410000017N271217104700000000000102802180000000000000000000000000000000000000000100001148949739MARIA DAS GRACAS SEBASTIANA DO          RUA PEREIRA PINTO N 91                  TOMAS COELHO20761350RIO DE JANEIRO RJUNIAO UMB DOS CULTOS AFRO BRAS    28021810 000042
10231987175000168817800093673    00006865                     000068650000000000000109                     I026865      28021800000000035003410000017N271217104700000000000102802180000000000000000000000000000000000000000100003747539700MARCIA SANTANA DA SILVA COSTA           RUA GUAIAUNA N 392                      COELHO NETO 21510420RIO DE JANEIRO RJUNIAO UMB DOS CULTOS AFRO BRAS    28021810 000043
10231987175000168817800093673    00006756                     000067560000000000000109                     I026756      28021800000000035003410000017N271217104700000000000102802180000000000000000000000000000000000000000100007151714700VERONICA CONCEICAO DE SOUZA AN          O MESMO                                 0 MESMO     21545420RIO DE JANEIRO RJUNIAO UMB DOS CULTOS AFRO BRAS    28021810 000044
10231987175000168817800093673    00006723                     000067230000000000000109                     I026723      28021800000000035003410000017N271217104700000000000102802180000000000000000000000000000000000000000100001230403701DENILSON MOTA DRUMOND                   RUA, ALVES DA COSTA Nº 24 - ITAIPU     CHANGRILA - 26140320BELFORD ROXO   RJUNIAO UMB DOS CULTOS AFRO BRAS    28021810 000045
10231987175000168817800093673    00006656                     000066560000000000000109                     I026656      28021800000000035003410000017N271217104700000000000102802180000000000000000000000000000000000000000100052417760797TANIA CRISTINA DOS SANTOS MORE          RUA NOVA ESPANHA, 235 - CAMPO ALEGRE    TRES MARIAS 26292327NOVA IGUACU    RJUNIAO UMB DOS CULTOS AFRO BRAS    28021810 000046
10231987175000168817800093673    00006653                     000066530000000000000109                     I026653      28021800000000035003410000017N271217104700000000000102802180000000000000000000000000000000000000000100081561326704MARCIO ELIAS GONCALVES                  RUA: NOVA Nº 654-A - GUARATIBA         CAMPO GRANDE21820210RIO DE JANEIRO RJUNIAO UMB DOS CULTOS AFRO BRAS    28021810 000047
10231987175000168817800093673    00006499                     000064990000000000000109                     I026499      28021800000000035003410000017N271217104700000000000102802180000000000000000000000000000000000000000100075078392734MARCIA HELENA DE AZEVEDO MUNIZ          RUA OSMUNDO PIMENTEL, 70 CASA 1         BRAZ DE PINA00000001RIO DE JANEIRO RJUNIAO UMB DOS CULTOS AFRO BRAS    28021810 000048
10231987175000168817800093673    00006354                     000063540000000000000109                     I026354      28021800000000035003410000017N271217104700000000000102802180000000000000000000000000000000000000000200000000003341HELENA MARIA DA SILVA                   RUA VINTE E QUATRO DE OUTUBRO,  QUADRA BBARRO BRANCO25267450DUQUE DE CAXIASRJUNIAO UMB DOS CULTOS AFRO BRAS    28021810 000049
10231987175000168817800093673    00006292                     000062920000000000000109                     I026292      28021800000000035003410000017N271217104700000000000102802180000000000000000000000000000000000000000100083122869772ANDREIA OLIVEIRA DE MENEZES             RUA VICENTE PONTE, 41 - JARDIM CARIOCA  GUARABU - IL21921740RIO DE JANEIRO RJUNIAO UMB DOS CULTOS AFRO BRAS    28021810 000050
10231987175000168817800093673    00006287                     000062870000000000000109                     I026287      28021800000000035003410000017N271217104700000000000102802180000000000000000000000000000000000000000100003725237735LUCIANO LOPES DA SILVA                  ALAMEDA BUENO AIRES N 370               RIO DO OURO 24752360SAO GONCALO    RJUNIAO UMB DOS CULTOS AFRO BRAS    28021810 000051
10231987175000168817800093673    00006260                     000062600000000000000109                     I026260      28021800000000035003410000017N271217104700000000000102802180000000000000000000000000000000000000000100065213696791SILVIA ELIZABETE RODRIGUES              RUA JOAO BITTENCOURT, 286               EDSON PASSOS26240510MESQUITA       RJUNIAO UMB DOS CULTOS AFRO BRAS    28021810 000052
10231987175000168817800093673    00005843                     000058430000000000000109                     I025843      31011800000000035003410000017N261217104700000000000103101180000000000000000000000000000000000000000100001148949739MARIA DAS GRACAS SEBASTIANA DO          RUA PEREIRA PINTO N 91                  TOMAS COELHO20761350RIO DE JANEIRO RJUNIAO UMB DOS CULTOS AFRO BRAS    31011810 000053
10231987175000168817800093673    00005615                     000056150000000000000109                     I025615      31011800000000035003410000017N261217104700000000000103101180000000000000000000000000000000000000000100003747539700MARCIA SANTANA DA SILVA COSTA           RUA GUAIAUNA N 392                      COELHO NETO 21510420RIO DE JANEIRO RJUNIAO UMB DOS CULTOS AFRO BRAS    31011810 000054
10231987175000168817800093673    00005506                     000055060000000000000109                     I025506      31011800000000035003410000017N261217104700000000000103101180000000000000000000000000000000000000000100007151714700VERONICA CONCEICAO DE SOUZA AN          O MESMO                                 0 MESMO     21545420RIO DE JANEIRO RJUNIAO UMB DOS CULTOS AFRO BRAS    31011810 000055
10231987175000168817800093673    00005473                     000054730000000000000109                     I025473      31011800000000035003410000017N261217104700000000000103101180000000000000000000000000000000000000000100001230403701DENILSON MOTA DRUMOND                   RUA, ALVES DA COSTA Nº 24 - ITAIPU     CHANGRILA - 26140320BELFORD ROXO   RJUNIAO UMB DOS CULTOS AFRO BRAS    31011810 000056
10231987175000168817800093673    00005406                     000054060000000000000109                     I025406      31011800000000035003410000017N261217104700000000000103101180000000000000000000000000000000000000000100052417760797TANIA CRISTINA DOS SANTOS MORE          RUA NOVA ESPANHA, 235 - CAMPO ALEGRE    TRES MARIAS 26292327NOVA IGUACU    RJUNIAO UMB DOS CULTOS AFRO BRAS    31011810 000057
10231987175000168817800093673    00005104                     000051040000000000000109                     I025104      31011800000000035003410000017N261217104700000000000103101180000000000000000000000000000000000000000200000000003341HELENA MARIA DA SILVA                   RUA VINTE E QUATRO DE OUTUBRO,  QUADRA BBARRO BRANCO25267450DUQUE DE CAXIASRJUNIAO UMB DOS CULTOS AFRO BRAS    31011810 000058
10231987175000168817800093673    00005042                     000050420000000000000109                     I025042      31011800000000035003410000017N261217104700000000000103101180000000000000000000000000000000000000000100083122869772ANDREIA OLIVEIRA DE MENEZES             RUA VICENTE PONTE, 41 - JARDIM CARIOCA  GUARABU - IL21921740RIO DE JANEIRO RJUNIAO UMB DOS CULTOS AFRO BRAS    31011810 000059
10231987175000168817800093673    00005037                     000050370000000000000109                     I025037      31011800000000035003410000017N261217104700000000000103101180000000000000000000000000000000000000000100003725237735LUCIANO LOPES DA SILVA                  ALAMEDA BUENO AIRES N 370               RIO DO OURO 24752360SAO GONCALO    RJUNIAO UMB DOS CULTOS AFRO BRAS    31011810 000060
10231987175000168817800093673    00005010                     000050100000000000000109                     I025010      31011800000000035003410000017N261217104700000000000103101180000000000000000000000000000000000000000100065213696791SILVIA ELIZABETE RODRIGUES              RUA JOAO BITTENCOURT, 286               EDSON PASSOS26240510MESQUITA       RJUNIAO UMB DOS CULTOS AFRO BRAS    31011810 000061
9                                                                                                                                                                                                                                                                                                                                                                                                         000062
