01REMESSA01COBRANCA       916200163100        União Umb dos Cultos Afro Bra341BANCO ITAU SA  110418                                                                                                                                                                                                                                                                                                      000001
10231987175000168916200163100    000014392                    000143920000000000000109                     I0114392     30041800000000315003410000017N110418104700000000000103004180000000000000000000000000000000000000000100012732003735THAYS CRISTINA CAMPOS BARBOSA           RUA  LUIS BARBALHO 445                  ROCHA MIRAND21510110RIO DE JANEIRO RJUNIAO UMB DOS CULTOS AFRO BRAS    30041810 000002
10231987175000168916200163100    000014391                    000143910000000000000109                     I0114391     20041800000000070003410000017N110418104700000000000102004180000000000000000000000000000000000000000100001447704746MARCOS FAGUNDES MARTINS                 ESTRADA DA PEDRA, 167                   SANTA CRUZ  23520241RIO DE JANEIRO RJUNIAO UMB DOS CULTOS AFRO BRAS    20041810 000003
10231987175000168916200163100    000014390                    000143900000000000000109                     I0114390     20041800000000070003410000017N110418104700000000000102004180000000000000000000000000000000000000000100032955761420VRADELEIDE MARIA DOS SANTOS             ESTRADA MARACAJAS, 725 CASA 2 FUNDOS    ILHA DO GOVE21941390RIO DE JANEIRO RJUNIAO UMB DOS CULTOS AFRO BRAS    20041810 000004
10231987175000168916200163100    000014389                    000143890000000000000109                     I0114389     30051800000000040003410000017N110418104700000000000103005180000000000000000000000000000000000000000100042153425700MARIA DA CONCEICAO MADUREIRA D          MESMO                                   MESMO       21557010RIO DE JANEIRO RJUNIAO UMB DOS CULTOS AFRO BRAS    30051810 000005
10231987175000168916200163100    000014388                    000143880000000000000109                     I0114388     30041800000000280003410000017N110418104700000000000103004180000000000000000000000000000000000000000100008046598771ANTONIO DA SILVA BARBOSA                MARIA JOSE FERREIRA DUARTE              ERMITAGE    25975780TERESOPOLIS    RJUNIAO UMB DOS CULTOS AFRO BRAS    30041810 000006
10231987175000168916200163100    000014387                    000143870000000000000109                     I0114387     31051800000000035003410000017N110418104700000000000103105180000000000000000000000000000000000000000200000000008928GILMAR GAMMARO CARVALHO SRª            RUA GENERAL SEARA, 189                  CAROLINA - D25060010DUQUE CAXIAS   RJUNIAO UMB DOS CULTOS AFRO BRAS    31051810 000007
10231987175000168916200163100    000014365                    000143650000000000000109                     I0114365     01051800000000350003410000017N100418104700000000000100105180000000000000000000000000000000000000000100004765875733BEATRIZ GOMES DEMIRSKY                  AVENIDA MERITI N 1421 APT 201           VILA DA PENH21220201RIO DE JANEIRO RJUNIAO UMB DOS CULTOS AFRO BRAS    01051810 000008
10231987175000168916200163100    000014363                    000143630000000000000109                     I0114363     13041800000000105003410000017N100418104700000000000101304180000000000000000000000000000000000000000100002349584720UANDERSON MARTINS DE PAULA              RUA MUNIZ E BARROS Nº 988 APTº 102    MIGUEL PEREI26910000MIGUEL PEREIRA RJUNIAO UMB DOS CULTOS AFRO BRAS    13041810 000009
10231987175000168916200163100    000014362                    000143620000000000000109                     I0114362     13041800000000070003410000017N100418104700000000000101304180000000000000000000000000000000000000000100074171372704ELIANE DE SOUZA MACHADO                 RUA ROQUETE PINTO LOTE 22 QUADRA 290 CASJARDIM ANHAN25265200DUQUE DE CAXIASRJUNIAO UMB DOS CULTOS AFRO BRAS    13041810 000010
10231987175000168916200163100    000014352                    000143520000000000000109                     I0114352     30051800000000040003410000017N090418104700000000000103005180000000000000000000000000000000000000000100009526018770VERONICA MARIA LIMA                     RUA KEMAL PALHA                         VILA SANTO A25040220DUQUE DE CAXIASRJUNIAO UMB DOS CULTOS AFRO BRAS    30051810 000011
10231987175000168916200163100    000014351                    000143510000000000000109                     I0114351     30041800000000040003410000017N090418104700000000000103004180000000000000000000000000000000000000000100009526018770VERONICA MARIA LIMA                     RUA KEMAL PALHA                         VILA SANTO A25040220DUQUE DE CAXIASRJUNIAO UMB DOS CULTOS AFRO BRAS    30041810 000012
10231987175000168916200163100    000014350                    000143500000000000000109                     I0114350     30051800000000040003410000017N090418104700000000000103005180000000000000000000000000000000000000000100001253277737MARIA JOSE DANTAS MOREIRA               RUA SETE DE JUNHO                       PRAIA DE MAU25925732MAGE           RJUNIAO UMB DOS CULTOS AFRO BRAS    30051810 000013
10231987175000168916200163100    000014349                    000143490000000000000109                     I0114349     30041800000000040003410000017N090418104700000000000103004180000000000000000000000000000000000000000100001253277737MARIA JOSE DANTAS MOREIRA               RUA SETE DE JUNHO                       PRAIA DE MAU25925732MAGE           RJUNIAO UMB DOS CULTOS AFRO BRAS    30041810 000014
10231987175000168916200163100    000014324                    000143240000000000000109                     I0214324     06041800000000070003410000017N050418104700000000000100604180000000000000000000000000000000000000000100004278587716LUCIANO GONCALVES PIRES                 RUA MARECHAL ANTONIO DE SOUSA           JARDIM AMERI21240430RIO DE JANEIRO RJUNIAO UMB DOS CULTOS AFRO BRAS    06041810 000015
10231987175000168916200163100    000014289                    000142890000000000000109                     I3414289     10041800000000602553410000017N290318104700000000000101004180000000000000000000000000000000000000000100078566738772MARINA SOARES DA SILVA                  RUA: JOAO DANIEL                        BENTO RIBEIR21550480RIO DE JANEIRO RJUNIAO UMB DOS CULTOS AFRO BRAS    10041810 000016
10231987175000168916200163100    000014275                    000142750000000000000109                     I0214275     30041800000000151663410000017N280318104700000000000103004180000000000000000000000000000000000000000100000000003806INALVA LAZARO DRUMOND                   AVENIDA MARECHAL RONDON, 2117           RIACHUELO  -20950071RIO DE JANEIRO RJUNIAO UMB DOS CULTOS AFRO BRAS    30041810 000017
10231987175000168916200163100    000014274                    000142740000000000000109                     I0214274     05041800000000151663410000017N280318104700000000000100504180000000000000000000000000000000000000000100000000003806INALVA LAZARO DRUMOND                   AVENIDA MARECHAL RONDON, 2117           RIACHUELO  -20950071RIO DE JANEIRO RJUNIAO UMB DOS CULTOS AFRO BRAS    05041810 000018
10231987175000168916200163100    000014151                    000141510000000000000109                     I0214151     30041800000000035003410000017N010318104700000000000103004180000000000000000000000000000000000000000100032637128764MARLENE DA CRUZ                         AVENIDA ABILIO AUGUSTO TAVORA           VALVERDE    26290600NOVA IGUACU    RJUNIAO UMB DOS CULTOS AFRO BRAS    30041810 000019
10231987175000168916200163100    000014148                    000141480000000000000109                     I0214148     30031800000000035003410000017N010318104700000000000103003180000000000000000000000000000000000000000100032637128764MARLENE DA CRUZ                         AVENIDA ABILIO AUGUSTO TAVORA           VALVERDE    26290600NOVA IGUACU    RJUNIAO UMB DOS CULTOS AFRO BRAS    30031810 000020
10231987175000168916200163100    000014114                    000141140000000000000109                     I0214114     10041800000000350003410000017N270218104700000000000101004180000000000000000000000000000000000000000100073608351787ANTONIO CARLOS MARTINS DA SILV          RUA AREAL,165                           SEPETIBA - R23535730RIO DE JANEIRO RJUNIAO UMB DOS CULTOS AFRO BRAS    10041810 000021
10231987175000168916200163100    000014110                    000141100000000000000109                     I3414110     10041800000000350003410000017N270218104700000000000101004180000000000000000000000000000000000000000100009831383702MARCELO SOUZA MATOS                     AVENIDA MERITI, 1504 FUNDOS             VILA DA PENH21211006RIO DE JANEIRO RJUNIAO UMB DOS CULTOS AFRO BRAS    10041810 000022
10231987175000168916200163100    000014102                    000141020000000000000109                     I0214102     10041800000000350003410000017N270218104700000000000101004180000000000000000000000000000000000000000100036206071700MARIA ISABEL RAMOS                      RUA MARINA N 428                        BENTO RIBEIR21331070RIO DE JANEIRO RJUNIAO UMB DOS CULTOS AFRO BRAS    10041810 000023
10231987175000168916200163100    000014038                    000140380000000000000109                     I0214038     30031800000000035003410000017N260218104700000000000103003180000000000000000000000000000000000000000100079096611772MARIO LUIZ BARRETO DE BARROS            RUA GRAVATA, 215                        MARECHAL HER21610510RIO DE JANEIRO RJUNIAO UMB DOS CULTOS AFRO BRAS    30031810 000024
10231987175000168916200163100    000013959                    000139590000000000000109                     I0213959     30031800000000700003410000017N210218104700000000000103003180000000000000000000000000000000000000000200000000007900ANORELINA OLIVEIRA DOS SANTOS           RUA MAUA N 27 H QUADRA 14               VILA SAO JOA25570151SAO JOAO DE MERRJUNIAO UMB DOS CULTOS AFRO BRAS    30031810 000025
10231987175000168916200163100    00009087                     000090870000000000000109                     I029087      28021800000000035003410000017N310118104700000000000102802180000000000000000000000000000000000000000100085953407734CARLA MARIA FERREIRA DA SILVA           RUA: JOSE MARIA DO AMARAL N 40          GUARATIBA - 23028120RIO DE JANEIRO RJUNIAO UMB DOS CULTOS AFRO BRAS    28021810 000026
10231987175000168916200163100    00008757                     000087570000000000000109                     I028757      31011800000000035003410000017N020118104700000000000103101180000000000000000000000000000000000000000100000934452709ROGERIO DOS SANTOS MAGALHAES            RUA KLEBER SANTOS DE CARVALHO,  QUADRA 2JARDIM IRES 25576261SAO JOAO DE MERRJUNIAO UMB DOS CULTOS AFRO BRAS    31011810 000027
10231987175000168916200163100    00008606                     000086060000000000000109                     I028606      31011800000000035003410000017N020118104700000000000103101180000000000000000000000000000000000000000100002978000783FABIO PINTO MANTUANO                    LAURA MARIA PINTO MANTUANO - MAE        CARTA ANISTI24900000MARICA         RJUNIAO UMB DOS CULTOS AFRO BRAS    31011810 000028
10231987175000168916200163100    00004636                     000046360000000000000109                     I024636      22121700000000350003410000017N171117104700000000000102212170000000000000000000000000000000000000000100087798999787NILZETE DA CONCEICAO FELIX              O MESMO                                 O MESMO     25264030DUQUE DE CAXIASRJUNIAO UMB DOS CULTOS AFRO BRAS    22121710 000029
10231987175000168916200163100    00004597                     000045970000000000000109                     I024597      22121700000000350003410000017N171117104700000000000102212170000000000000000000000000000000000000000100014527767763THIERRY PADILHA MOTA                    RUA ALCIR BRASIL N 706                  JARDIM NOVA 26266010NOVA IGUACU    RJUNIAO UMB DOS CULTOS AFRO BRAS    22121710 000030
10231987175000168916200163100    00004569                     000045690000000000000109                     I024569      22121700000000350003410000017N171117104700000000000102212170000000000000000000000000000000000000000100008401319765ANDRE FERREIRA DE PAULA                 RUA AMERICO ROCHA N 1095 APT 201        MARECHAL HER21555300RIO DE JANEIRO RJUNIAO UMB DOS CULTOS AFRO BRAS    22121710 000031
10231987175000168916200163100    00004567                     000045670000000000000109                     I024567      22121700000000350003410000017N171117104700000000000102212170000000000000000000000000000000000000000100074171372704ELIANE DE SOUZA MACHADO                 RUA ROQUETE PINTO LOTE 22 QUADRA 290 CASJARDIM ANHAN25265200DUQUE DE CAXIASRJUNIAO UMB DOS CULTOS AFRO BRAS    22121710 000032
10231987175000168916200163100    00004459                     000044590000000000000109                     I024459      22121700000000350003410000017N171117104700000000000102212170000000000000000000000000000000000000000100066514118704MARILIA GARCIA DA PAIXAO                RUA FRANCOLIM N 306                     GUADALUPE - 21660130RIO DE JANEIRO RJUNIAO UMB DOS CULTOS AFRO BRAS    22121710 000033
10231987175000168916200163100    00004405                     000044050000000000000109                     I024405      22121700000000350003410000017N171117104700000000000102212170000000000000000000000000000000000000000100080592368491MARIA JOSE PEREIRA NOGUEIRA DE          ALAMEDA GOIANIA N 26                    ENGENHO DO R24752520SAO GONCALO    RJUNIAO UMB DOS CULTOS AFRO BRAS    22121710 000034
10231987175000168916200163100    00004403                     000044030000000000000109                     I024403      22121700000000350003410000017N171117104700000000000102212170000000000000000000000000000000000000000100074646370700EUNICE BEZERRA FERREIRA                 ESTRADA DA POSSE - TRAVESSA WILMAR N 20 SANTISSIMO -23094120RIO DE JANEIRO RJUNIAO UMB DOS CULTOS AFRO BRAS    22121710 000035
10231987175000168916200163100    00004400                     000044000000000000000109                     I024400      22121700000000350003410000017N171117104700000000000102212170000000000000000000000000000000000000000100005364326780CARLOS ROBERTO DOLORES CORREA           ESTRADA ADHEMAR BEBIANO N 257           DEL CASTILHO21051071RIO DE JANEIRO RJUNIAO UMB DOS CULTOS AFRO BRAS    22121710 000036
10231987175000168916200163100    00004399                     000043990000000000000109                     I024399      22121700000000350003410000017N171117104700000000000102212170000000000000000000000000000000000000000100080974015768SHEYLA REGINA SERAPHIM DA HORA          RUA CAMBAI 49                           QUINTINO BOC21380300RIO DE JANEIRO RJUNIAO UMB DOS CULTOS AFRO BRAS    22121710 000037
10231987175000168916200163100    00004396                     000043960000000000000109                     I024396      22121700000000350003410000017N171117104700000000000102212170000000000000000000000000000000000000000200000000012685JOSE HENRIQUE MOREIRA DE ARAUJ          RUA OITENTA E UM LOTE 35 QUADRA 247     IPIRANGA - M25927168MAGE           RJUNIAO UMB DOS CULTOS AFRO BRAS    22121710 000038
10231987175000168916200163100    00004202                     000042020000000000000109                     I024202      22121700000000350003410000017N171117104700000000000102212170000000000000000000000000000000000000000100013180490756DIEGO CAVALCANTI DA SILVA               RUA CONDE DE RESENDE, 127               BENTO RIBEIR21550600RIO DE JANEIRO RJUNIAO UMB DOS CULTOS AFRO BRAS    22121710 000039
10231987175000168916200163100    00004190                     000041900000000000000109                     I024190      22121700000000350003410000017N171117104700000000000102212170000000000000000000000000000000000000000100001817781731JORGE LUIZ MENDES DA CUNHA              RUA  VASCO DA GAMA, 36                  CACHAMBI - R20771310RIO DE JANEIRO RJUNIAO UMB DOS CULTOS AFRO BRAS    22121710 000040
10231987175000168916200163100    00004149                     000041490000000000000109                     I024149      22121700000000350003410000017N171117104700000000000102212170000000000000000000000000000000000000000100002680887484MARIA APARECIDA DOS SANTOS MEN          RUA LUIZ MATEUS, 54 FUNDOS              VAZ MARTINS 26291018NOVA IGUACU    RJUNIAO UMB DOS CULTOS AFRO BRAS    22121710 000041
10231987175000168916200163100    00004148                     000041480000000000000109                     I024148      22121700000000350003410000017N171117104700000000000102212170000000000000000000000000000000000000000100098726978768MARIA STELA GOMES DA SILVA              RUA NARA, 10 - JARDIM LARANJEIRAS       CABUCU - NOV26291269NOVA IGUACU    RJUNIAO UMB DOS CULTOS AFRO BRAS    22121710 000042
10231987175000168916200163100    00004146                     000041460000000000000109                     I024146      22121700000000350003410000017N171117104700000000000102212170000000000000000000000000000000000000000100000516266802MARCELO DOS SANTOS                      RUA MANAUS, 241 CASA 103 FUNDOS         REALENGO - R21730050RIO DE JANEIRO RJUNIAO UMB DOS CULTOS AFRO BRAS    22121710 000043
10231987175000168916200163100    00004131                     000041310000000000000109                     I024131      22121700000000350003410000017N171117104700000000000102212170000000000000000000000000000000000000000100002478890755GRETGHEN LUIZ DE MELO                   RUA MANOEL GAMA, 198 A 1O ANDAR         VILA TIRADEN25525390SAO JOAO DE MERRJUNIAO UMB DOS CULTOS AFRO BRAS    22121710 000044
10231987175000168916200163100    00004123                     000041230000000000000109                     I024123      22121700000000350003410000017N171117104700000000000102212170000000000000000000000000000000000000000100001244119750MARCELO BARBOSA GUIMARAES               RUA REMO, 70                            LAGOINHA - N26295546NOVA IGUACU    RJUNIAO UMB DOS CULTOS AFRO BRAS    22121710 000045
10231987175000168916200163100    00004067                     000040670000000000000109                     I024067      22121700000000350003410000017N171117104700000000000102212170000000000000000000000000000000000000000100002437606718FABIO VICTOR BARRETO                    RUA BARAO DE JAGUARI, 31                IRAJA - RIO 21235555RIO DE JANEIRO RJUNIAO UMB DOS CULTOS AFRO BRAS    22121710 000046
10231987175000168916200163100    00004007                     000040070000000000000109                     I024007      22121700000000350003410000017N171117104700000000000102212170000000000000000000000000000000000000000100002344160760MARIA DAS GRACAS SANTOS CLEMEN          RUA: CORNELHO FERREIRA Nº 216 - PONTE LBARRA DO PIR27175000BARRA DO PIRAI RJUNIAO UMB DOS CULTOS AFRO BRAS    22121710 000047
10231987175000168916200163100    00003998                     000039980000000000000109                     I023998      22121700000000350003410000017N171117104700000000000102212170000000000000000000000000000000000000000100002728280762VERA EUNICE MARIA LIMA                  RUA: KEMAL PACHA Nº 5 - VILA SANTO ANTODUQUE DE CAX25040220DUQUE DE CAXIASRJUNIAO UMB DOS CULTOS AFRO BRAS    22121710 000048
10231987175000168916200163100    00003921                     000039210000000000000109                     I023921      22121700000000350003410000017N171117104700000000000102212170000000000000000000000000000000000000000100004764270706FLAVIO AILTON BRAGA FERREIRA            RUA CABURI, 11                          ROCHA MIRAND21550050RIO DE JANEIRO RJUNIAO UMB DOS CULTOS AFRO BRAS    22121710 000049
10231987175000168916200163100    00003906                     000039060000000000000109                     I023906      22121700000000350003410000017N171117104700000000000102212170000000000000000000000000000000000000000100001936810727ALEX SALES ABBAS                        RUA BRASILIA, LOTE 6 QUADRA D CASA 4    COELHO DA RO25507200SAO JOAO DE MERRJUNIAO UMB DOS CULTOS AFRO BRAS    22121710 000050
10231987175000168916200163100    00003903                     000039030000000000000109                     I023903      22121700000000350003410000017N171117104700000000000102212170000000000000000000000000000000000000000100007326065780MARCELO BORGES DE SOUZA                 RUA PLINIO CASADO, 109 CASA 2           ENGENHOCA - 24110475RIO DE JANEIRO RJUNIAO UMB DOS CULTOS AFRO BRAS    22121710 000051
10231987175000168916200163100    00003898                     000038980000000000000109                     I023898      22121700000000350003410000017N171117104700000000000102212170000000000000000000000000000000000000000100001326484745IRACEMA DE OLIVEIRA ROSA BARBO          RUA TOQUIO, 1873                        COELHO DA RO25550140SAO JOAO DE MERRJUNIAO UMB DOS CULTOS AFRO BRAS    22121710 000052
10231987175000168916200163100    00003897                     000038970000000000000109                     I023897      22121700000000350003410000017N171117104700000000000102212170000000000000000000000000000000000000000100087419939772EMANUEL JOSE DOS SANTOS                 RUA MANUEL DE FREITAS, QUADRA D LOTE 10 PANTANAL - D25041500DUQUE CAXIAS   RJUNIAO UMB DOS CULTOS AFRO BRAS    22121710 000053
10231987175000168916200163100    00003896                     000038960000000000000109                     I023896      22121700000000350003410000017N171117104700000000000102212170000000000000000000000000000000000000000100003622363755LUCIENE DA SILVA                        RUA AMADIR LEITE, 106                   JARDIM MONTE26041620NOVA IGUACU    RJUNIAO UMB DOS CULTOS AFRO BRAS    22121710 000054
10231987175000168916200163100    00003895                     000038950000000000000109                     I023895      22121700000000350003410000017N171117104700000000000102212170000000000000000000000000000000000000000100004223999737CLEONICE LIMA NASCIMENTO                O MESMO                                 O MESMO     25267300DUQUE DE CAXIASRJUNIAO UMB DOS CULTOS AFRO BRAS    22121710 000055
10231987175000168916200163100    00003894                     000038940000000000000109                     I023894      22121700000000350003410000017N171117104700000000000102212170000000000000000000000000000000000000000200000000010622MARCELO DO VALLE ABREU                  RUA DEPUTADO SA REGO, 211 FUNDOS        VILA SAO LUI25065030DUQUE DE CAXIASRJUNIAO UMB DOS CULTOS AFRO BRAS    22121710 000056
10231987175000168916200163100    00003893                     000038930000000000000109                     I023893      22121700000000350003410000017N171117104700000000000102212170000000000000000000000000000000000000000100009485186770MARTA FERREIRA BENVINDO PIMENT          RUA: JOSE MARIA Nº 169                 PENHA - RJ  21070140RIO DE JANEIRO RJUNIAO UMB DOS CULTOS AFRO BRAS    22121710 000057
10231987175000168916200163100    00003892                     000038920000000000000109                     I023892      22121700000000350003410000017N171117104700000000000102212170000000000000000000000000000000000000000100011118878701GABRIEL PEREIRA SODRE                   RUA ANDORINHAS, 247 CASA 2              RAMOS - RIO 21060000RIO DE JANEIRO RJUNIAO UMB DOS CULTOS AFRO BRAS    22121710 000058
10231987175000168916200163100    00003891                     000038910000000000000109                     I023891      22121700000000350003410000017N171117104700000000000102212170000000000000000000000000000000000000000100008486144612BRUNO FELIPE KALIL HOMSE                RUA JOAQUIM BENEDITO DE PAULA, 639      SAO GERALDO 37558101POUSO ALEGRE   MGUNIAO UMB DOS CULTOS AFRO BRAS    22121710 000059
10231987175000168916200163100    00003882                     000038820000000000000109                     I023882      22121700000000350003410000017N171117104700000000000102212170000000000000000000000000000000000000000100004493547766ROBSON FRANCISCO ESCHOLASTICO           RUA MATHIAS MACHADO, 87                 ARSENAL - SA24745050SAO GONCALO    RJUNIAO UMB DOS CULTOS AFRO BRAS    22121710 000060
10231987175000168916200163100    00003866                     000038660000000000000109                     I023866      22121700000000350003410000017N171117104700000000000102212170000000000000000000000000000000000000000100002413896740ADRIANO CAMILO DOS SANTOS               RUA SANTA ISABEL, 328 CASA 9            PALHADA - NO26335260NOVA IGUACU    RJUNIAO UMB DOS CULTOS AFRO BRAS    22121710 000061
10231987175000168916200163100    00003784                     000037840000000000000109                     I023784      22121700000000350003410000017N171117104700000000000102212170000000000000000000000000000000000000000100050825860768YEDA PEREIRA DA SILVA                   RUA TRINTA E QUATRO LOTE 22 QUADRA 180  CAMPO LINDO 23890000SEROPEDICA     RJUNIAO UMB DOS CULTOS AFRO BRAS    22121710 000062
10231987175000168916200163100    00003764                     000037640000000000000109                     I023764      22121700000000350003410000017N171117104700000000000102212170000000000000000000000000000000000000000100054504430720ISABELA BARBOSA LIMA DA SILVA           RUA SOUSA BARROS N 106 A FUNDOS         ENGENHO NOVO20961150RIO DE JANEIRO RJUNIAO UMB DOS CULTOS AFRO BRAS    22121710 000063
10231987175000168916200163100    00003639                     000036390000000000000109                     I023639      22121700000000350003410000017N171117104700000000000102212170000000000000000000000000000000000000000200000000004181LEANDRO HENRIQUE DA SILVA               RUA ALVARO LINS, LOTE 4 QUADRA M        PQ VITORIA -25045490DUQUE DE CAXIASRJUNIAO UMB DOS CULTOS AFRO BRAS    22121710 000064
10231987175000168916200163100    00003636                     000036360000000000000109                     I023636      22121700000000350003410000017N171117104700000000000102212170000000000000000000000000000000000000000100013909038778MARIA DO CARMO SILVA DE MOURA           RUA SAO CARLOS, 75                      ESTACIO - RI20250052RIO DE JANEIRO RJUNIAO UMB DOS CULTOS AFRO BRAS    22121710 000065
10231987175000168916200163100    00003632                     000036320000000000000109                     I023632      22121700000000350003410000017N171117104700000000000102212170000000000000000000000000000000000000000100067023711791EURIDES DOS SANTOS                      RUA CORONEL ALBERTO DE MELO, 47 CASA 1  AREIA BRANCA26112370BELFORD ROXO   RJUNIAO UMB DOS CULTOS AFRO BRAS    22121710 000066
10231987175000168916200163100    00003630                     000036300000000000000109                     I023630      22121700000000350003410000017N171117104700000000000102212170000000000000000000000000000000000000000100003987884720SAINT CLAIR MACHADO FERNANDES           RUA JACA, QUADRA 4 LOTE 14              PARQUE ESPER26173510BELFORD ROXO   RJUNIAO UMB DOS CULTOS AFRO BRAS    22121710 000067
10231987175000168916200163100    00003629                     000036290000000000000109                     I023629      22121700000000350003410000017N171117104700000000000102212170000000000000000000000000000000000000000100010173777740FABRICIO ALVES DE OLIVEIRA              RUA VEREADOR CHEQUER ELIAS, 2817        VILA HELENA 27130220BARRA DO PIRAI RJUNIAO UMB DOS CULTOS AFRO BRAS    22121710 000068
10231987175000168916200163100    00003626                     000036260000000000000109                     I023626      22121700000000350003410000017N171117104700000000000102212170000000000000000000000000000000000000000100066123836749MARIA JOSE CARVALHO LIMA                RUA SAO PAULO, 18                       CABUCU - NOV26292138NOVA IGUACU    RJUNIAO UMB DOS CULTOS AFRO BRAS    22121710 000069
10231987175000168916200163100    00003622                     000036220000000000000109                     I023622      22121700000000350003410000017N171117104700000000000102212170000000000000000000000000000000000000000100033382840715MARIA ALICE CONSTANCIO GOMES            RUA PALMARES, 39                        JARDIM PERNA26275310NOVA IGUACU    RJUNIAO UMB DOS CULTOS AFRO BRAS    22121710 000070
10231987175000168916200163100    00003616                     000036160000000000000109                     I023616      22121700000000350003410000017N171117104700000000000102212170000000000000000000000000000000000000000100088504794768FATIMA MARIA DE OLIVEIRA                RUA TELMA, 22                           CABUCU - JAR26291266NOVA IGUACU    RJUNIAO UMB DOS CULTOS AFRO BRAS    22121710 000071
10231987175000168916200163100    00003499                     000034990000000000000109                     I023499      22121700000000350003410000017N171117104700000000000102212170000000000000000000000000000000000000000100076744515772GELSON CORREA DE CARVALHO               RUA MANOEL MACHADO N 77                 VAZ LOBO - R21361090RIO DE JANEIRO RJUNIAO UMB DOS CULTOS AFRO BRAS    22121710 000072
10231987175000168916200163100    00003410                     000034100000000000000109                     I023410      22121700000000350003410000017N171117104700000000000102212170000000000000000000000000000000000000000200000000007900ANORELINA OLIVEIRA DOS SANTOS           RUA MAUA N 27 H QUADRA 14               VILA SAO JOA25570151SAO JOAO DE MERRJUNIAO UMB DOS CULTOS AFRO BRAS    22121710 000073
10231987175000168916200163100    00003384                     000033840000000000000109                     I023384      22121700000000350003410000017N171117104700000000000102212170000000000000000000000000000000000000000100001411697707FERNANDO CRUZ DE OLIVEIRA               RUA IBIRAPUITA N 328                    ROCHA MIRAND21510200RIO DE JANEIRO RJUNIAO UMB DOS CULTOS AFRO BRAS    22121710 000074
10231987175000168916200163100    00003382                     000033820000000000000109                     I023382      22121700000000350003410000017N171117104700000000000102212170000000000000000000000000000000000000000200000000007490CARLOS JOSE PEREIRA                     RUA MESSIAS DE SOUZA N 93               CENTRO - BEL26130280BELFORD ROXO   RJUNIAO UMB DOS CULTOS AFRO BRAS    22121710 000075
10231987175000168916200163100    00003381                     000033810000000000000109                     I023381      22121700000000350003410000017N171117104700000000000102212170000000000000000000000000000000000000000200000000001981IZABEL DE SOUZA MARTINS                 RUA NOVA YORK, 20                       JARDIM AMERI23810660ITAGUAI        RJUNIAO UMB DOS CULTOS AFRO BRAS    22121710 000076
10231987175000168916200163100    00003380                     000033800000000000000109                     I023380      22121700000000350003410000017N171117104700000000000102212170000000000000000000000000000000000000000100003449740733JOSE CARLOS MOREIRA BENTO               RUA DELFIM MOREIRA  LOTE 5 QUADRA 12 CASVILA SAPE  M25922220MAGE           RJUNIAO UMB DOS CULTOS AFRO BRAS    22121710 000077
10231987175000168916200163100    00003379                     000033790000000000000109                     I023379      22121700000000350003410000017N171117104700000000000102212170000000000000000000000000000000000000000200000000007417CECILIA DOS SANTOS                      RUA MARIO DE ALENCAR LOTE 52            LARANJAL - S24725170SAO GONCALO    RJUNIAO UMB DOS CULTOS AFRO BRAS    22121710 000078
10231987175000168916200163100    00003378                     000033780000000000000109                     I023378      22121700000000350003410000017N171117104700000000000102212170000000000000000000000000000000000000000100037497928791ANASTACIA CANDIDO RAIMUNDO              RUA ALAMEDA 33 - CHAO DE ESTRELAS N 84  PAVUNA - RIO21521100RIO DE JANEIRO RJUNIAO UMB DOS CULTOS AFRO BRAS    22121710 000079
10231987175000168916200163100    00003372                     000033720000000000000109                     I023372      22121700000000350003410000017N171117104700000000000102212170000000000000000000000000000000000000000100002734506700CARLOS HENRIQUE ARAUJO                  RUA MARQUES CANARIO N 725               NOSSA SENHOR26520770NILOPOLIS      RJUNIAO UMB DOS CULTOS AFRO BRAS    22121710 000080
10231987175000168916200163100    00003371                     000033710000000000000109                     I023371      22121700000000350003410000017N171117104700000000000102212170000000000000000000000000000000000000000100044188269715SEBASTIANA SOUZA SANTOS                 RUA ARI BARROSO N 193                   JARDIM LUCIA26050410NOVA IGUACU    RJUNIAO UMB DOS CULTOS AFRO BRAS    22121710 000081
10231987175000168916200163100    00003354                     000033540000000000000109                     I023354      22121700000000350003410000017N171117104700000000000102212170000000000000000000000000000000000000000100007120562703JANETE RIBEIRO DE ALMEIDA               O MESMO                                 O MESMO     26347030NOVA IGUACU    RJUNIAO UMB DOS CULTOS AFRO BRAS    22121710 000082
10231987175000168916200163100    00003120                     000031200000000000000109                     I023120      31121700000000035003410000017N131117104700000000000103112170000000000000000000000000000000000000000100008401319765ANDRE FERREIRA DE PAULA                 RUA AMERICO ROCHA N 1095 APT 201        MARECHAL HER21555300RIO DE JANEIRO RJUNIAO UMB DOS CULTOS AFRO BRAS    31121710 000083
10231987175000168916200163100    00002747                     000027470000000000000109                     I022747      31121700000000035003410000017N131117104700000000000103112170000000000000000000000000000000000000000100013180490756DIEGO CAVALCANTI DA SILVA               RUA CONDE DE RESENDE, 127               BENTO RIBEIR21550600RIO DE JANEIRO RJUNIAO UMB DOS CULTOS AFRO BRAS    31121710 000084
10231987175000168916200163100    00002735                     000027350000000000000109                     I022735      31121700000000035003410000017N131117104700000000000103112170000000000000000000000000000000000000000100001817781731JORGE LUIZ MENDES DA CUNHA              RUA  VASCO DA GAMA, 36                  CACHAMBI - R20771310RIO DE JANEIRO RJUNIAO UMB DOS CULTOS AFRO BRAS    31121710 000085
10231987175000168916200163100    00002609                     000026090000000000000109                     I022609      31121700000000035003410000017N131117104700000000000103112170000000000000000000000000000000000000000100002437606718FABIO VICTOR BARRETO                    RUA BARAO DE JAGUARI, 31                IRAJA - RIO 21235555RIO DE JANEIRO RJUNIAO UMB DOS CULTOS AFRO BRAS    31121710 000086
10231987175000168916200163100    00002296                     000022960000000000000109                     I022296      31121700000000035003410000017N131117104700000000000103112170000000000000000000000000000000000000000100050825860768YEDA PEREIRA DA SILVA                   RUA TRINTA E QUATRO LOTE 22 QUADRA 180  CAMPO LINDO 23890000SEROPEDICA     RJUNIAO UMB DOS CULTOS AFRO BRAS    31121710 000087
10231987175000168916200163100    00002276                     000022760000000000000109                     I022276      31121700000000035003410000017N131117104700000000000103112170000000000000000000000000000000000000000100054504430720ISABELA BARBOSA LIMA DA SILVA           RUA SOUSA BARROS N 106 A FUNDOS         ENGENHO NOVO20961150RIO DE JANEIRO RJUNIAO UMB DOS CULTOS AFRO BRAS    31121710 000088
10231987175000168916200163100    00002124                     000021240000000000000109                     I022124      31121700000000035003410000017N131117104700000000000103112170000000000000000000000000000000000000000100004471243748MARIA IEDA DE ALMEIDA DA SILVA          PRACA JOAO CAETANO, 23 LOTE 23 QUADRA 4 LAUREANO - D25065240DUQUE DE CAXIASRJUNIAO UMB DOS CULTOS AFRO BRAS    31121710 000089
10231987175000168916200163100    00002009                     000020090000000000000109                     I022009      31121700000000035003410000017N131117104700000000000103112170000000000000000000000000000000000000000100076744515772GELSON CORREA DE CARVALHO               RUA MANOEL MACHADO N 77                 VAZ LOBO - R21361090RIO DE JANEIRO RJUNIAO UMB DOS CULTOS AFRO BRAS    31121710 000090
10231987175000168916200163100    00001917                     000019170000000000000109                     I021917      31121700000000035003410000017N131117104700000000000103112170000000000000000000000000000000000000000200000000007900ANORELINA OLIVEIRA DOS SANTOS           RUA MAUA N 27 H QUADRA 14               VILA SAO JOA25570151SAO JOAO DE MERRJUNIAO UMB DOS CULTOS AFRO BRAS    31121710 000091
9                                                                                                                                                                                                                                                                                                                                                                                                         000092
