01REMESSA01COBRANCA       817800093673        União Umb dos Cultos Afro Bra341BANCO ITAU SA  190218                                                                                                                                                                                                                                                                                                      000001
10231987175000168817800093673    00009098                     000090980000000000000109                     I019098      20021800000000140003410000017N070218104700000000000102002180000000000000000000000000000000000000000100003159130452VICENTE FELICIO DA SILVA                RUA LUIZA NEOFILA PIMENTA, 156          ALTO DA CAPE59680000CAMPO GRANDE   RNUNIAO UMB DOS CULTOS AFRO BRAS    20021810 000002
10231987175000168817800093673    00009097                     000090970000000000000109                     I019097      10021800000000035003410000017N060218104700000000000101002180000000000000000000000000000000000000000100004842101490MARIA DE LOURDES FARIAS DOS SA          RUA HELIO DE OLIVEIRA LOTE 29 QUADRA 407PARADA MORAB25000000DUQUE DE CAXIASRJUNIAO UMB DOS CULTOS AFRO BRAS    10021810 000003
10231987175000168817800093673    00009092                     000090920000000000000109                     I019092      28021800000000035003410000017N010218104700000000000102802180000000000000000000000000000000000000000100007128617779NEIDE TELES DO NASCIMENTO               RUA: ARACA Nº 541                      RICARDO DE A21620050RIO DE JANEIRO RJUNIAO UMB DOS CULTOS AFRO BRAS    28021810 000004
10231987175000168817800093673    00009083                     000090830000000000000109                     I349083      10021800000000834903410000017N300118104700000000000101002180000000000000000000000000000000000000000100013946879772ALDENI ALBENORA DA SILVA                RUA: JOAO DANIEL                        BENTO RIBEIR21550480RIO DE JANEIRO RJUNIAO UMB DOS CULTOS AFRO BRAS    10021810 000005
10231987175000168817800093673    00009081                     000090810000000000000109                     I029081      10021800000000759053410000017N300118104700000000000101002180000000000000000000000000000000000000000100000424410755ANA PAULA SILVA BARBOSA                 RUA: ALCIDES MAIA                       BENTO RIBEIR21550560RIO DE JANEIRO RJUNIAO UMB DOS CULTOS AFRO BRAS    10021810 000006
10231987175000168817800093673    00009080                     000090800000000000000109                     I029080      10021800000000578903410000017N300118104700000000000101002180000000000000000000000000000000000000000100007854516766NATALIE SILVA DE LIMA                   RUA: JOAO DANIEL                        BENTO RIBEIR21550480RIO DE JANEIRO RJUNIAO UMB DOS CULTOS AFRO BRAS    10021810 000007
10231987175000168817800093673    00009079                     000090790000000000000109                     I349079      10021800000000768393410000017N300118104700000000000101002180000000000000000000000000000000000000000100082228507768IARA LUCIA RIBEIRO QUINTINO             RUA: JOAO DANIEL                        BENTO RIBEIR21550480RIO DE JANEIRO RJUNIAO UMB DOS CULTOS AFRO BRAS    10021810 000008
10231987175000168817800093673    00009078                     000090780000000000000109                     I029078      10021800000000300033410000017N300118104700000000000101002180000000000000000000000000000000000000000100068760680725ANNA LUCIA DE SOUZA                     RUA: JOAO DANIEL                        BENTO RIBEIR21550480RIO DE JANEIRO RJUNIAO UMB DOS CULTOS AFRO BRAS    10021810 000009
10231987175000168817800093673    00009074                     000090740000000000000109                     I029074      10021800000001200003410000017N300118104700000000000101002180000000000000000000000000000000000000000100012701486726MARIANA MAGALHAES DE C. J. I.           RUA: SALOMAO FILHO                      MARECHAL HER21331660RIO DE JANEIRO RJUNIAO UMB DOS CULTOS AFRO BRAS    10021810 000010
10231987175000168817800093673    00009041                     000090410000000000000109                     I029041      20021800000000175003410000017N180118104700000000000102002180000000000000000000000000000000000000000100008158166776CRISTIANE DE ALMEIDA DA ROCHA           RUA JOANA RESENDE N° 28 - MADUREIRA    RIO DE JANEI21360430RIO DE JANEIRO RJUNIAO UMB DOS CULTOS AFRO BRAS    20021810 000011
10231987175000168817800093673    00009040                     000090400000000000000109                     I029040      30011800000000105003410000017N180118104700000000000103001180000000000000000000000000000000000000000100008158166776CRISTIANE DE ALMEIDA DA ROCHA           RUA JOANA RESENDE N° 28 - MADUREIRA    RIO DE JANEI21360430RIO DE JANEIRO RJUNIAO UMB DOS CULTOS AFRO BRAS    30011810 000012
10231987175000168817800093673    00009016                     000090160000000000000109                     I029016      10021800000000300003410000017N110118104700000000000101002180000000000000000000000000000000000000000100001011350769SONIA REGINA DA CONCEICAO               RUA: COMANDANTE MINERVINO               LARGO DA BAT24315215NITEROI        RJUNIAO UMB DOS CULTOS AFRO BRAS    10021810 000013
10231987175000168817800093673    00008380                     000083800000000000000109                     I028380      28021800000000035003410000017N291217104700000000000102802180000000000000000000000000000000000000000100003346596710ROSILENI ROSA DA SILVA                  RUA ADALGISA MONTEIRO N 133             ITAIPU - NIT24342110NITEROI        RJUNIAO UMB DOS CULTOS AFRO BRAS    28021810 000014
10231987175000168817800093673    00008348                     000083480000000000000109                     I028348      28021800000000035003410000017N291217104700000000000102802180000000000000000000000000000000000000000100000099070766INSTEFANI LIZETE NEVES FAUSTIN          RUA CONDADO 20                          PIABETA - MA25900000MAGE           RJUNIAO UMB DOS CULTOS AFRO BRAS    28021810 000015
10231987175000168817800093673    00008302                     000083020000000000000109                     I028302      28021800000000035003410000017N291217104700000000000102802180000000000000000000000000000000000000000100002819747728ANDRE RENATO DOS SANTOS VIANA           RUA RODRIGUES ALVES SN LOTE 38 QUADRA 82VILA SAPE - 25275440DUQUE DE CAXIASRJUNIAO UMB DOS CULTOS AFRO BRAS    28021810 000016
10231987175000168817800093673    00008286                     000082860000000000000109                     I028286      28021800000000035003410000017N291217104700000000000102802180000000000000000000000000000000000000000100011519708750GERALDINA DA SILVA MENDONCA             AV. ALBERTINO LADEIRA, 63               ENGENHEIRO R26041510NOVA IGUACU    RJUNIAO UMB DOS CULTOS AFRO BRAS    28021810 000017
10231987175000168817800093673    00008283                     000082830000000000000109                     I028283      28021800000000035003410000017N291217104700000000000102802180000000000000000000000000000000000000000100011639602763PAULO HUMBERTO AZEVEDO PONTE J          RUA MARECHAL RONDON, 1037 - SOBRADO     SAO FRANCISC20950003RIO DE JANEIRO RJUNIAO UMB DOS CULTOS AFRO BRAS    28021810 000018
10231987175000168817800093673    00008238                     000082380000000000000109                     I028238      28021800000000035003410000017N291217104700000000000102802180000000000000000000000000000000000000000100003317113707WIRANI MARTINS                          RUA ETELVINA DE CASTRO LOTE 16 QUADRA 14PQ ELDORADO 25240390DUQUE DE CAXIASRJUNIAO UMB DOS CULTOS AFRO BRAS    28021810 000019
10231987175000168817800093673    00008230                     000082300000000000000109                     I028230      28021800000000035003410000017N291217104700000000000102802180000000000000000000000000000000000000000100002865366766LUCIA DA SILVA CESAR                    RUA NOVE DE JUNHO, LOTE 17 QUADRA 15    JARDIM CABUC26335000RIO DE JANEIRO RJUNIAO UMB DOS CULTOS AFRO BRAS    28021810 000020
10231987175000168817800093673    00008223                     000082230000000000000109                     I028223      28021800000000035003410000017N291217104700000000000102802180000000000000000000000000000000000000000100014662958725LUAN HENRIQUE MONTEIRO                  ESTRADA DO PARAISO N 209                CASTELANEA -25635412PETROPOLIS     RJUNIAO UMB DOS CULTOS AFRO BRAS    28021810 000021
10231987175000168817800093673    00008176                     000081760000000000000109                     I028176      28021800000000035003410000017N291217104700000000000102802180000000000000000000000000000000000000000100001015649700JORGE LUIZ PEIXOTO DO NASCIMEN          RUA JOAO BATISTA, 161                   NEVES - SAO 24425060SAO GONCALO    RJUNIAO UMB DOS CULTOS AFRO BRAS    28021810 000022
10231987175000168817800093673    00008157                     000081570000000000000109                     I028157      28021800000000035003410000017N291217104700000000000102802180000000000000000000000000000000000000000100000451962737JORGE CRISPIM DANTAS DE ARAUJO          RUA ORLANDO DE AQUINO, 115              PARQUE ANCHI21635370RIO DE JANEIRO RJUNIAO UMB DOS CULTOS AFRO BRAS    28021810 000023
10231987175000168817800093673    00008006                     000080060000000000000109                     I028006      28021800000000035003410000017N291217104700000000000102802180000000000000000000000000000000000000000100058234110730FRANCISCA ARAUJO VASCONCELOS            AVENIDA CEZARIO DE MELO N 3720 BLOCO 3 ACAMPO GRANDE26051470RIO DE JANEIRO RJUNIAO UMB DOS CULTOS AFRO BRAS    28021810 000024
10231987175000168817800093673    00007963                     000079630000000000000109                     I027963      28021800000000035003410000017N291217104700000000000102802180000000000000000000000000000000000000000100059352272749IVANIR DA CONCEICAO DE ALMEIDA          RUA EUCLIDES, 218 - VILA MILITAR        MAGALHAES BA21745130RIO DE JANEIRO RJUNIAO UMB DOS CULTOS AFRO BRAS    28021810 000025
10231987175000168817800093673    00007921                     000079210000000000000109                     I027921      28021800000000035003410000017N291217104700000000000102802180000000000000000000000000000000000000000100001173292748REINALTO BATISTA SILVEIRA               RUA MANOEL MACHADO DE OLIVEIRA, 55      MARIA LUIZA 23060000CAMPO GRANDE   RJUNIAO UMB DOS CULTOS AFRO BRAS    28021810 000026
10231987175000168817800093673    00007302                     000073020000000000000109                     I027302      28021800000000035003410000017N271217104700000000000102802180000000000000000000000000000000000000000100085906743715FRANCISCA CELIA LEANDRO NEVES           O MESMO                                 O MESMO     21540460RIO DE JANEIRO RJUNIAO UMB DOS CULTOS AFRO BRAS    28021810 000027
10231987175000168817800093673    00007043                     000070430000000000000109                     I027043      28021800000000035003410000017N271217104700000000000102802180000000000000000000000000000000000000000100002596844737NANCI BARCELOS MACIEL                   MESMO                                   MESMO       21320030RIO DE JANEIRO RJUNIAO UMB DOS CULTOS AFRO BRAS    28021810 000028
10231987175000168817800093673    00006949                     000069490000000000000109                     I026949      28021800000000035003410000017N271217104700000000000102802180000000000000000000000000000000000000000100003003808789ADRIANA LUCIANA DA SILVA                AVENIDA VICENTE DE CARVALHO, 1086, RUA AVICENTE DE C21210024RIO DE JANEIRO RJUNIAO UMB DOS CULTOS AFRO BRAS    28021810 000029
10231987175000168817800093673    00006939                     000069390000000000000109                     I026939      28021800000000035003410000017N271217104700000000000102802180000000000000000000000000000000000000000100069296715415VANDA FEIJO DE MELO DE CASTRO           RUA DOUTOR GARNIER, 687 CASA 2          ROCHA - RIO 20975000RIO DE JANEIRO RJUNIAO UMB DOS CULTOS AFRO BRAS    28021810 000030
10231987175000168817800093673    00006897                     000068970000000000000109                     I026897      28021800000000035003410000017N271217104700000000000102802180000000000000000000000000000000000000000100007540937785MICHEL FREIRE HUGUENIN                  RUA CARLOS XAVIER, 416                  OSWALDO CRUZ21310000RIO DE JANEIRO RJUNIAO UMB DOS CULTOS AFRO BRAS    28021810 000031
10231987175000168817800093673    00006586                     000065860000000000000109                     I026586      28021800000000035003410000017N271217104700000000000102802180000000000000000000000000000000000000000100081891423720MAURO DINIZ                             RUA CINQUENTA E UM, LT 10 QDA 194 CASA 2JARDIM ATLAN24934625MARICA         RJUNIAO UMB DOS CULTOS AFRO BRAS    28021810 000032
10231987175000168817800093673    00006479                     000064790000000000000109                     I026479      28021800000000035003410000017N271217104700000000000102802180000000000000000000000000000000000000000100011778537790MARIVONE ANTONIA DOS SANTOS             O MESMO                                 O MESMO     26031512NOVA IGUACU    RJUNIAO UMB DOS CULTOS AFRO BRAS    28021810 000033
10231987175000168817800093673    00006053                     000060530000000000000109                     I026053      31011800000000035003410000017N261217104700000000000103101180000000000000000000000000000000000000000100085906743715FRANCISCA CELIA LEANDRO NEVES           O MESMO                                 O MESMO     21540460RIO DE JANEIRO RJUNIAO UMB DOS CULTOS AFRO BRAS    31011810 000034
10231987175000168817800093673    00005989                     000059890000000000000109                     I025989      31011800000000035003410000017N261217104700000000000103101180000000000000000000000000000000000000000100058365737787ALTAMIRA ROSA                           AVENIDA DO CONTORNO 17                  PARADA MORAB25000000DUQUE DE CAXIASRJUNIAO UMB DOS CULTOS AFRO BRAS    31011810 000035
10231987175000168817800093673    00005888                     000058880000000000000109                     I025888      31011800000000035003410000017N261217104700000000000103101180000000000000000000000000000000000000000100001857739744JORGE DE MORAES ESTANISLAU              RUA TITANIC N 7 CASA 1 FUNDOS           REALENGO - R21735620RIO DE JANEIRO RJUNIAO UMB DOS CULTOS AFRO BRAS    31011810 000036
10231987175000168817800093673    00005829                     000058290000000000000109                     I025829      31011800000000035003410000017N261217104700000000000103101180000000000000000000000000000000000000000100007809907735LUCIANA SANTOS DA SILVA                 BECO ADELIA N 3 - NOSSA SENHORA DAS GRACILHA DO GOVE21932003ILHA DO GOVERNARJUNIAO UMB DOS CULTOS AFRO BRAS    31011810 000037
10231987175000168817800093673    00005793                     000057930000000000000109                     I025793      31011800000000035003410000017N261217104700000000000103101180000000000000000000000000000000000000000100002596844737NANCI BARCELOS MACIEL                   MESMO                                   MESMO       21320030RIO DE JANEIRO RJUNIAO UMB DOS CULTOS AFRO BRAS    31011810 000038
10231987175000168817800093673    00005736                     000057360000000000000109                     I025736      31011800000000035003410000017N261217104700000000000103101180000000000000000000000000000000000000000100040262146720ARABELA SILVA CAMPOS DOS REIS           RUA DUARTE TEIXEIRA, 349 CASA 4         QUINTINO BOC21311330RIO DE JANEIRO RJUNIAO UMB DOS CULTOS AFRO BRAS    31011810 000039
10231987175000168817800093673    00005699                     000056990000000000000109                     I025699      31011800000000035003410000017N261217104700000000000103101180000000000000000000000000000000000000000100003003808789ADRIANA LUCIANA DA SILVA                AVENIDA VICENTE DE CARVALHO, 1086, RUA AVICENTE DE C21210024RIO DE JANEIRO RJUNIAO UMB DOS CULTOS AFRO BRAS    31011810 000040
10231987175000168817800093673    00005689                     000056890000000000000109                     I025689      31011800000000035003410000017N261217104700000000000103101180000000000000000000000000000000000000000100069296715415VANDA FEIJO DE MELO DE CASTRO           RUA DOUTOR GARNIER, 687 CASA 2          ROCHA - RIO 20975000RIO DE JANEIRO RJUNIAO UMB DOS CULTOS AFRO BRAS    31011810 000041
10231987175000168817800093673    00005647                     000056470000000000000109                     I025647      31011800000000035003410000017N261217104700000000000103101180000000000000000000000000000000000000000100007540937785MICHEL FREIRE HUGUENIN                  RUA CARLOS XAVIER, 416                  OSWALDO CRUZ21310000RIO DE JANEIRO RJUNIAO UMB DOS CULTOS AFRO BRAS    31011810 000042
10231987175000168817800093673    00005567                     000055670000000000000109                     I025567      31011800000000035003410000017N261217104700000000000103101180000000000000000000000000000000000000000100063164256787ALICE FRANCISCO LOPES                   RUA JORNALISTA PINHEIRO LEMOS, 296      COSTA BARROS21650200RIO DE JANEIRO RJUNIAO UMB DOS CULTOS AFRO BRAS    31011810 000043
10231987175000168817800093673    00005336                     000053360000000000000109                     I025336      31011800000000035003410000017N261217104700000000000103101180000000000000000000000000000000000000000100081891423720MAURO DINIZ                             RUA CINQUENTA E UM, LT 10 QDA 194 CASA 2JARDIM ATLAN24934625MARICA         RJUNIAO UMB DOS CULTOS AFRO BRAS    31011810 000044
10231987175000168817800093673    00005323                     000053230000000000000109                     I025323      31011800000000035003410000017N261217104700000000000103101180000000000000000000000000000000000000000100002134169729ALEXANDRE DE ALMEIDA                    RUA SERITINGA, 105 BLOCO 5 APTO 108 FUNDBRAS DE PINA21215480RIO DE JANEIRO RJUNIAO UMB DOS CULTOS AFRO BRAS    31011810 000045
10231987175000168817800093673    00005237                     000052370000000000000109                     I345237      31011800000000035003410000017N261217104700000000000103101180000000000000000000000000000000000000000100001256782742VANDA BARBOSA BASTOS                    RUA CERES, 1058                         BANGU - RIO 21862070RIO DE JANEIRO RJUNIAO UMB DOS CULTOS AFRO BRAS    31011810 000046
10231987175000168817800093673    00005235                     000052350000000000000109                     I025235      31011800000000035003410000017N261217104700000000000103101180000000000000000000000000000000000000000100051796546704VAGNER ERNESTO MACHADO                  RUA ARI RODRIGUES, 30 (ANTIGA ESTRADA DORIO DO OURO 24753580SAO GONCALO    RJUNIAO UMB DOS CULTOS AFRO BRAS    31011810 000047
10231987175000168817800093673    00005229                     000052290000000000000109                     I025229      31011800000000035003410000017N261217104700000000000103101180000000000000000000000000000000000000000100011778537790MARIVONE ANTONIA DOS SANTOS             O MESMO                                 O MESMO     26031512NOVA IGUACU    RJUNIAO UMB DOS CULTOS AFRO BRAS    31011810 000048
10231987175000168817800093673    00005123                     000051230000000000000109                     I025123      31011800000000035003410000017N261217104700000000000103101180000000000000000000000000000000000000000100000675108764MARIA CRISTINA SANTOS GENEROSO          RUA  APODI, LOTE 4 QUADRA 47            PARQUE  SUEC26187300BELFORD ROXO   RJUNIAO UMB DOS CULTOS AFRO BRAS    31011810 000049
10231987175000168817800093673    00004677                     000046770000000000000109                     I024677      15021800000000150003410000017N281117104700000000000101502180000000000000000000000000000000000000000100011778537790MARIVONE ANTONIA DOS SANTOS             O MESMO                                 O MESMO     26031512NOVA IGUACU    RJUNIAO UMB DOS CULTOS AFRO BRAS    15021810 000050
10231987175000168817800093673    00001707                     000017070000000000000109                     I021707      20121700000000350003410000017N131117104700000000000102012170000000000000000000000000000000000000000100003003808789ADRIANA LUCIANA DA SILVA                AVENIDA VICENTE DE CARVALHO, 1086, RUA AVICENTE DE C21210024RIO DE JANEIRO RJUNIAO UMB DOS CULTOS AFRO BRAS    20121710 000051
10231987175000168817800093673    00001406                     000014060000000000000109                     I021406      20121700000000400003410000017N241017104700000000000102012170000000000000000000000000000000000000000100014662958725LUAN HENRIQUE MONTEIRO                  ESTRADA DO PARAISO N 209                CASTELANEA -25635412PETROPOLIS     RJUNIAO UMB DOS CULTOS AFRO BRAS    20121710 000052
10231987175000168817800093673    00001209                     000012090000000000000109                     I021209      20121700000000340003410000017N241017104700000000000102012170000000000000000000000000000000000000000100058234110730FRANCISCA ARAUJO VASCONCELOS            AVENIDA CEZARIO DE MELO N 3720 BLOCO 3 ACAMPO GRANDE26051470RIO DE JANEIRO RJUNIAO UMB DOS CULTOS AFRO BRAS    20121710 000053
10231987175000168817800093673    00001130                     000011300000000000000109                     I021130      20121700000000340003410000017N241017104700000000000102012170000000000000000000000000000000000000000100059352272749IVANIR DA CONCEICAO DE ALMEIDA          RUA EUCLIDES, 218 - VILA MILITAR        MAGALHAES BA21745130RIO DE JANEIRO RJUNIAO UMB DOS CULTOS AFRO BRAS    20121710 000054
10231987175000168817800093673    00001055                     000010550000000000000109                     I021055      20121700000000340003410000017N241017104700000000000102012170000000000000000000000000000000000000000100001173292748REINALTO BATISTA SILVEIRA               RUA MANOEL MACHADO DE OLIVEIRA, 55      MARIA LUIZA 23060000CAMPO GRANDE   RJUNIAO UMB DOS CULTOS AFRO BRAS    20121710 000055
10231987175000168817800093673    0000966                      000009660000000000000109                     I02966       20121700000000340003410000017N171017104700000000000102012170000000000000000000000000000000000000000100003346596710ROSILENI ROSA DA SILVA                  RUA ADALGISA MONTEIRO N 133             ITAIPU - NIT24342110NITEROI        RJUNIAO UMB DOS CULTOS AFRO BRAS    20121710 000056
10231987175000168817800093673    0000877                      000008770000000000000109                     I02877       20121700000000300003410000017N171017104700000000000102012170000000000000000000000000000000000000000100000451962737JORGE CRISPIM DANTAS DE ARAUJO          RUA ORLANDO DE AQUINO, 115              PARQUE ANCHI21635370RIO DE JANEIRO RJUNIAO UMB DOS CULTOS AFRO BRAS    20121710 000057
10231987175000168817800093673    0000772                      000007720000000000000109                     I02772       20121700000000300003410000017N171017104700000000000102012170000000000000000000000000000000000000000100051796546704VAGNER ERNESTO MACHADO                  RUA ARI RODRIGUES, 30 (ANTIGA ESTRADA DORIO DO OURO 24753580SAO GONCALO    RJUNIAO UMB DOS CULTOS AFRO BRAS    20121710 000058
10231987175000168817800093673    0000700                      000007000000000000000109                     I02700       20121700000000340003410000017N171017104700000000000102012170000000000000000000000000000000000000000100005508288775RICARDO DOS SANTOS GEBER                RUA MARQUES DE PARANA, 191 APTO 1001    CENTRO - NIT24030215NITEROI        RJUNIAO UMB DOS CULTOS AFRO BRAS    20121710 000059
10231987175000168817800093673    0000573                      000005730000000000000109                     I02573       20121700000000400003410000017N101017104700000000000102012170000000000000000000000000000000000000000100000099070766INSTEFANI LIZETE NEVES FAUSTIN          RUA CONDADO 20                          PIABETA - MA25900000MAGE           RJUNIAO UMB DOS CULTOS AFRO BRAS    20121710 000060
10231987175000168817800093673    0000468                      000004680000000000000109                     I02468       20121700000000340003410000017N101017104700000000000102012170000000000000000000000000000000000000000100011519708750GERALDINA DA SILVA MENDONCA             AV. ALBERTINO LADEIRA, 63               ENGENHEIRO R26041510NOVA IGUACU    RJUNIAO UMB DOS CULTOS AFRO BRAS    20121710 000061
10231987175000168817800093673    0000461                      000004610000000000000109                     I02461       05021800000000340003410000017N101017104700000000000100502180000000000000000000000000000000000000000100011639602763PAULO HUMBERTO AZEVEDO PONTE J          RUA MARECHAL RONDON, 1037 - SOBRADO     SAO FRANCISC20950003RIO DE JANEIRO RJUNIAO UMB DOS CULTOS AFRO BRAS    05021810 000062
10231987175000168817800093673    0000376                      000003760000000000000109                     I02376       20121700000000340003410000017N101017104700000000000102012170000000000000000000000000000000000000000100064075338720VALDENICE CONCEICAO DA SILVA C          RUA FELIX ANTONIO DA SILVA, LOTE 47     ENGENHO PEQU24417580SAO GONCALO    RJUNIAO UMB DOS CULTOS AFRO BRAS    20121710 000063
10231987175000168817800093673    0000351                      000003510000000000000109                     I02351       20121700000000340003410000017N101017104700000000000102012170000000000000000000000000000000000000000100003317113707WIRANI MARTINS                          RUA ETELVINA DE CASTRO LOTE 16 QUADRA 14PQ ELDORADO 25240390DUQUE DE CAXIASRJUNIAO UMB DOS CULTOS AFRO BRAS    20121710 000064
10231987175000168817800093673    0000327                      000003270000000000000109                     I02327       20121700000000300003410000017N101017104700000000000102012170000000000000000000000000000000000000000100002865366766LUCIA DA SILVA CESAR                    RUA NOVE DE JUNHO, LOTE 17 QUADRA 15    JARDIM CABUC26335000RIO DE JANEIRO RJUNIAO UMB DOS CULTOS AFRO BRAS    20121710 000065
10231987175000168817800093673    0000195                      000001950000000000000109                     I02195       20121700000000350003410000017N101017104700000000000102012170000000000000000000000000000000000000000100001015649700JORGE LUIZ PEIXOTO DO NASCIMEN          RUA JOAO BATISTA, 161                   NEVES - SAO 24425060SAO GONCALO    RJUNIAO UMB DOS CULTOS AFRO BRAS    20121710 000066
9                                                                                                                                                                                                                                                                                                                                                                                                         000067
