01REMESSA01COBRANCA       916200163100        União Umb dos Cultos Afro Bra341BANCO ITAU SA  100719                                                                                                                                                                                                                                                                                                      000001
10231987175000168916200163100    000049904                    000499040000000000000109                     I0149904     30071900000000080003410000017N100719105700000000000263007190000000000000000000000000000000000000000100092747167704MARIA DO SOCORRO GALVAO RODRIG          RUA 1N 0, LOTE 49 QUADRA 2              INOA        24900000MARICA         RJUNIAO UMB DOS CULTOS AFRO BRAS    30071915 000002
21300720190000000000160                                                                                                                                                                                                                                                                                                                                                                                   000003
10231987175000168916200163100    000049903                    000499030000000000000109                     I0149903     12081900000000100003410000017N100719105700000000000331208190000000000000000000000000000000000000000100085148610778JACQUELINE MARQUES BARBOSA              RUA JUSTINA BULHOESN 37, APTº 1104     INGA        24210455NITEROI        RJUNIAO UMB DOS CULTOS AFRO BRAS    12081915 000004
21120820190000000000200                                                                                                                                                                                                                                                                                                                                                                                   000005
10231987175000168916200163100    000049902                    000499020000000000000109                     I0149902     25071900000000100003410000017N100719105700000000000332507190000000000000000000000000000000000000000100085148610778JACQUELINE MARQUES BARBOSA              RUA JUSTINA BULHOESN 37, APTº 1104     INGA        24210455NITEROI        RJUNIAO UMB DOS CULTOS AFRO BRAS    25071915 000006
21250720190000000000200                                                                                                                                                                                                                                                                                                                                                                                   000007
10231987175000168916200163100    000049901                    000499010000000000000109                     I0149901     30071900000000100003410000017N100719105700000000000333007190000000000000000000000000000000000000000100000143431773IDENIR DA SILVA OLIVEIRA                AVENIDA: ARTUR SEBASTIAO TOLEDO RIBASN 5CANTAGALO   25803060TRES RIOS      RJUNIAO UMB DOS CULTOS AFRO BRAS    30071915 000008
21300720190000000000200                                                                                                                                                                                                                                                                                                                                                                                   000009
10231987175000168916200163100    000049900                    000499000000000000000109                     I0149900     22071900000000280003410000017N100719105700000000000922207190000000000000000000000000000000000000000100003159130452VICENTE FELICIO DA SILVA                RUA LUIZA NEOFILA PIMENTAN 156,         ALTO DA CAPE59680000CAMPO GRANDE   RNUNIAO UMB DOS CULTOS AFRO BRAS    22071915 000010
21220720190000000000560                                                                                                                                                                                                                                                                                                                                                                                   000011
10231987175000168916200163100    000043856                    000438560000000000000109                     I0243856     30061900000000040003410000017N130319105700000000000133006190000000000000000000000000000000000000000100085148610778JACQUELINE MARQUES BARBOSA              RUA JUSTINA BULHOESN 37, APTº 1104     INGA        24210455NITEROI        RJUNIAO UMB DOS CULTOS AFRO BRAS    30061915 000012
21300620190000000000080                                                                                                                                                                                                                                                                                                                                                                                   000013
10231987175000168916200163100    000042211                    000422110000000000000109                     I0242211     30051900000000040003410000017N130319105700000000000133005190000000000000000000000000000000000000000100085148610778JACQUELINE MARQUES BARBOSA              RUA JUSTINA BULHOESN 37, APTº 1104     INGA        24210455NITEROI        RJUNIAO UMB DOS CULTOS AFRO BRAS    30051915 000014
21300520190000000000080                                                                                                                                                                                                                                                                                                                                                                                   000015
9                                                                                                                                                                                                                                                                                                                                                                                                         000016
