01REMESSA01COBRANCA       817800093673        União Umb dos Cultos Afro Bra341BANCO ITAU SA  060418                                                                                                                                                                                                                                                                                                      000001
10231987175000168817800093673    000014346                    000143460000000000000109                     I0114346     13041800000000350003410000017N060418104700000000000101304180000000000000000000000000000000000000000100062188739787MARIO MACHADO DA CAMARA BRAZAO          RUA ALDEMAR PAIVA N 138                 BADU - PENDO24320230NITEROI        RJUNIAO UMB DOS CULTOS AFRO BRAS    13041810 000002
10231987175000168817800093673    000014345                    000143450000000000000109                     I0114345     20041800000000245003410000017N060418104700000000000102004180000000000000000000000000000000000000000100003725237735LUCIANO LOPES DA SILVA                  ALAMEDA BUENO AIRES N 370               RIO DO OURO 24752360SAO GONCALO    RJUNIAO UMB DOS CULTOS AFRO BRAS    20041810 000003
10231987175000168817800093673    000014344                    000143440000000000000109                     I0114344     09041800000000210003410000017N060418104700000000000100904180000000000000000000000000000000000000000100095294236753ROSANE MOREIRA DE LIMA                  RUA IRIGUATI Nº 63                     OLARIA      21073320RIO DE JANEIRO RJUNIAO UMB DOS CULTOS AFRO BRAS    09041810 000004
10231987175000168817800093673    000014343                    000143430000000000000109                     I0114343     30041800000000350003410000017N060418104700000000000103004180000000000000000000000000000000000000000100001192135750CREUZA MARIA DA CONCEICAO               RUA BENEDITO LACERDA N 320              VILA CORCUND23071340CAMPO GRANDE   RJUNIAO UMB DOS CULTOS AFRO BRAS    30041810 000005
10231987175000168817800093673    000014342                    000143420000000000000109                     I0114342     10041800000000105003410000017N060418104700000000000101004180000000000000000000000000000000000000000100061172413720ELVIRA CRISTINA DE OLIVEIRA             RUA JOSE DOS REIS, 2265 BLOCO 3 APTO 103INHAUMA - RJ20760245RIO DE JANEIRO RJUNIAO UMB DOS CULTOS AFRO BRAS    10041810 000006
10231987175000168817800093673    000014341                    000143410000000000000109                     I0114341     10041800000000020003410000017N050418104700000000000101004180000000000000000000000000000000000000000100069085986753CARMEM PIRES DE SOUZA                   RUA PRAIA DE BOTAFOGO N 460 APT 1138    BOTAFOGO - R22250040RIO DE JANEIRO RJUNIAO UMB DOS CULTOS AFRO BRAS    10041810 000007
10231987175000168817800093673    000014340                    000143400000000000000109                     I0114340     30051800000000035003410000017N050418104700000000000103005180000000000000000000000000000000000000000100000110269799MARILSA DA GLORIA CAMPOS                O MESMO                                 O MESMO     27110490BARRA DO PIRAI RJUNIAO UMB DOS CULTOS AFRO BRAS    30051810 000008
10231987175000168817800093673    000014339                    000143390000000000000109                     I0114339     30041800000000035003410000017N050418104700000000000103004180000000000000000000000000000000000000000100000110269799MARILSA DA GLORIA CAMPOS                O MESMO                                 O MESMO     27110490BARRA DO PIRAI RJUNIAO UMB DOS CULTOS AFRO BRAS    30041810 000009
10231987175000168817800093673    000014338                    000143380000000000000109                     I0114338     30051800000000035003410000017N050418104700000000000103005180000000000000000000000000000000000000000100000000010128PATRICIA DE ALMEIDA                     O MESMO                                 O MESMO     27135170BARRA DO PIRAI RJUNIAO UMB DOS CULTOS AFRO BRAS    30051810 000010
10231987175000168817800093673    000014337                    000143370000000000000109                     I0114337     30041800000000035003410000017N050418104700000000000103004180000000000000000000000000000000000000000100000000010128PATRICIA DE ALMEIDA                     O MESMO                                 O MESMO     27135170BARRA DO PIRAI RJUNIAO UMB DOS CULTOS AFRO BRAS    30041810 000011
10231987175000168817800093673    000014336                    000143360000000000000109                     I0114336     30051800000000035003410000017N050418104700000000000103005180000000000000000000000000000000000000000100096250526749ROSANEA ALVES DOS SANTOS                O MESMO                                 O MESMO     27110350BARRA DO PIRAI RJUNIAO UMB DOS CULTOS AFRO BRAS    30051810 000012
10231987175000168817800093673    000014335                    000143350000000000000109                     I0114335     30041800000000035003410000017N050418104700000000000103004180000000000000000000000000000000000000000100096250526749ROSANEA ALVES DOS SANTOS                O MESMO                                 O MESMO     27110350BARRA DO PIRAI RJUNIAO UMB DOS CULTOS AFRO BRAS    30041810 000013
10231987175000168817800093673    000014334                    000143340000000000000109                     I0114334     30051800000000035003410000017N050418104700000000000103005180000000000000000000000000000000000000000100059598255700TEREZINHA MARIA DE JESUS PINHE          MANOEL DA SILVA PEREIRA                 PRADOS VERDE26299003NOVA IGUACU    RJUNIAO UMB DOS CULTOS AFRO BRAS    30051810 000014
10231987175000168817800093673    000014333                    000143330000000000000109                     I0114333     30041800000000035003410000017N050418104700000000000103004180000000000000000000000000000000000000000100059598255700TEREZINHA MARIA DE JESUS PINHE          MANOEL DA SILVA PEREIRA                 PRADOS VERDE26299003NOVA IGUACU    RJUNIAO UMB DOS CULTOS AFRO BRAS    30041810 000015
10231987175000168817800093673    000014332                    000143320000000000000109                     I0114332     30051800000000035003410000017N050418104700000000000103005180000000000000000000000000000000000000000100003250570596VERONICA LUCIA DA CRUZ                  ESTRADA DOUTOR FARRULA                  SAO FRANCISC26125400BELFORD ROXO   RJUNIAO UMB DOS CULTOS AFRO BRAS    30051810 000016
10231987175000168817800093673    000014331                    000143310000000000000109                     I0114331     30041800000000035003410000017N050418104700000000000103004180000000000000000000000000000000000000000100003250570596VERONICA LUCIA DA CRUZ                  ESTRADA DOUTOR FARRULA                  SAO FRANCISC26125400BELFORD ROXO   RJUNIAO UMB DOS CULTOS AFRO BRAS    30041810 000017
10231987175000168817800093673    000014330                    000143300000000000000109                     I0114330     30051800000000035003410000017N050418104700000000000103005180000000000000000000000000000000000000000100005978854785ALEXANDRE MOTA DOS SANTOS               RUA: BRUNO SENDER                       JARDIM NOVA 26266040NOVA IGUACU    RJUNIAO UMB DOS CULTOS AFRO BRAS    30051810 000018
10231987175000168817800093673    000014329                    000143290000000000000109                     I0114329     30041800000000035003410000017N050418104700000000000103004180000000000000000000000000000000000000000100005978854785ALEXANDRE MOTA DOS SANTOS               RUA: BRUNO SENDER                       JARDIM NOVA 26266040NOVA IGUACU    RJUNIAO UMB DOS CULTOS AFRO BRAS    30041810 000019
10231987175000168817800093673    000014328                    000143280000000000000109                     I0114328     30051800000000035003410000017N050418104700000000000103005180000000000000000000000000000000000000000100009146841750ALEXANDRE BORGES DO NASCIMENTO          O MESMO                                 O MESMO     26556480NOVA IGUACU    RJUNIAO UMB DOS CULTOS AFRO BRAS    30051810 000020
10231987175000168817800093673    000014327                    000143270000000000000109                     I0114327     30041800000000035003410000017N050418104700000000000103004180000000000000000000000000000000000000000100009146841750ALEXANDRE BORGES DO NASCIMENTO          O MESMO                                 O MESMO     26556480NOVA IGUACU    RJUNIAO UMB DOS CULTOS AFRO BRAS    30041810 000021
10231987175000168817800093673    000014326                    000143260000000000000109                     I0114326     30051800000000035003410000017N050418104700000000000103005180000000000000000000000000000000000000000100002527980740ARMANDO DE ALMEIDA                      PEDRO JOSE DE OLIVEIRA                  VARGEM GRAND27145231BARRA DO PIRAI RJUNIAO UMB DOS CULTOS AFRO BRAS    30051810 000022
10231987175000168817800093673    000014325                    000143250000000000000109                     I0114325     30041800000000035003410000017N050418104700000000000103004180000000000000000000000000000000000000000100002527980740ARMANDO DE ALMEIDA                      PEDRO JOSE DE OLIVEIRA                  VARGEM GRAND27145231BARRA DO PIRAI RJUNIAO UMB DOS CULTOS AFRO BRAS    30041810 000023
10231987175000168817800093673    000014321                    000143210000000000000109                     I0114321     09041800000000490003410000017N040418104700000000000100904180000000000000000000000000000000000000000100050825860768YEDA PEREIRA DA SILVA                   RUA TRINTA E QUATRO LOTE 22 QUADRA 180  CAMPO LINDO 23890000SEROPEDICA     RJUNIAO UMB DOS CULTOS AFRO BRAS    09041810 000024
10231987175000168817800093673    000014320                    000143200000000000000109                     I0114320     30051800000000035003410000017N040418104700000000000103005180000000000000000000000000000000000000000100085148610778JACQUELINE MARQUES BARBOSA              RUA, 63 QDA 279 LOTE 36 - JD ATLANTICO  ITAIPUACU - 00000000RIO DE JANEIRO RJUNIAO UMB DOS CULTOS AFRO BRAS    30051810 000025
10231987175000168817800093673    000014319                    000143190000000000000109                     I0114319     30041800000000035003410000017N040418104700000000000103004180000000000000000000000000000000000000000100085148610778JACQUELINE MARQUES BARBOSA              RUA, 63 QDA 279 LOTE 36 - JD ATLANTICO  ITAIPUACU - 00000000RIO DE JANEIRO RJUNIAO UMB DOS CULTOS AFRO BRAS    30041810 000026
10231987175000168817800093673    000014318                    000143180000000000000109                     I0114318     30051800000000105003410000017N040418104700000000000103005180000000000000000000000000000000000000000100005836497770SIDEAN LEANDRO DOS SANTOS CRUZ          RUA MENDES RIBEIRO, 696                 PATRONATO - 24431635SAO GONCALO    RJUNIAO UMB DOS CULTOS AFRO BRAS    30051810 000027
10231987175000168817800093673    000014315                    000143150000000000000109                     I0214315     06041800000000210003410000017N030418104700000000000100604180000000000000000000000000000000000000000100095294236753ROSANE MOREIRA DE LIMA                  RUA IRIGUATI Nº 63                     OLARIA      21073320RIO DE JANEIRO RJUNIAO UMB DOS CULTOS AFRO BRAS    06041810 000028
10231987175000168817800093673    000014258                    000142580000000000000109                     I0214258     06041800000000595003410000017N230318104700000000000100604180000000000000000000000000000000000000000100090100328768VANDA DA SILVA MARQUES                  RUA TAIUVA, 117 FUNDOS                  PADRE MIGUEL21775450RIO DE JANEIRO RJUNIAO UMB DOS CULTOS AFRO BRAS    06041810 000029
10231987175000168817800093673    000013376                    000133760000000000000109                     I0213376     30051800000000035003410000017N200218104700000000000103005180000000000000000000000000000000000000000100011790209790NOILDA SANTIAGO DA SILVA                RUA ADRIANA N 203 FUNDOS                VALVERDE - N26290645NOVA IGUACU    RJUNIAO UMB DOS CULTOS AFRO BRAS    30051810 000030
10231987175000168817800093673    000012422                    000124220000000000000109                     I0212422     30051800000000035003410000017N200218104700000000000103005180000000000000000000000000000000000000000100021153132753VALDAIR DE ABREU PEREIRA                RUA ITAPARA, 51                         BANGU - RJ  21840170RIO DE JANEIRO RJUNIAO UMB DOS CULTOS AFRO BRAS    30051810 000031
10231987175000168817800093673    000012125                    000121250000000000000109                     I0212125     30041800000000035003410000017N200218104700000000000103004180000000000000000000000000000000000000000100062988050791REGINA LUCIA DE SOUZA SANTOS T          RUA ENGENHEIRO LAFAYETE STOCKLER N 742  VILA DA PENH21221390RIO DE JANEIRO RJUNIAO UMB DOS CULTOS AFRO BRAS    30041810 000032
10231987175000168817800093673    000011767                    000117670000000000000109                     I0211767     30041800000000035003410000017N200218104700000000000103004180000000000000000000000000000000000000000100011790209790NOILDA SANTIAGO DA SILVA                RUA ADRIANA N 203 FUNDOS                VALVERDE - N26290645NOVA IGUACU    RJUNIAO UMB DOS CULTOS AFRO BRAS    30041810 000033
10231987175000168817800093673    000011657                    000116570000000000000109                     I3411657     30041800000000035003410000017N200218104700000000000103004180000000000000000000000000000000000000000100009263590702JEAN CARLOS DOS SANTOS                  RUA NEVES LOTE 8 QUADRA 3               PARQUE ARARU25585580SAO JOAO DE MERRJUNIAO UMB DOS CULTOS AFRO BRAS    30041810 000034
10231987175000168817800093673    000011542                    000115420000000000000109                     I0211542     30041800000000050003410000017N200218104700000000000103004180000000000000000000000000000000000000000100005215642710ROBERTA LIMA GRIJO                      RUA FLORANIA, 475                       VISTA ALEGRE21230700RIO DE JANEIRO RJUNIAO UMB DOS CULTOS AFRO BRAS    30041810 000035
10231987175000168817800093673    000011246                    000112460000000000000109                     I3411246     30041800000000035003410000017N200218104700000000000103004180000000000000000000000000000000000000000100093473095753ALEXANDER NUNES PICANCO                 RUA REGISTRO, 315                       SENADOR CAMA21832270RIO DE JANEIRO RJUNIAO UMB DOS CULTOS AFRO BRAS    30041810 000036
10231987175000168817800093673    000010934                    000109340000000000000109                     I0210934     30041800000000035003410000017N200218104700000000000103004180000000000000000000000000000000000000000100009886046716ANA CRISTINA DE ALMEIDA TRINDA          O MESMO                                 O MESMO     21555020RIO DE JANEIRO RJUNIAO UMB DOS CULTOS AFRO BRAS    30041810 000037
10231987175000168817800093673    000010813                    000108130000000000000109                     I0210813     30041800000000035003410000017N200218104700000000000103004180000000000000000000000000000000000000000100021153132753VALDAIR DE ABREU PEREIRA                RUA ITAPARA, 51                         BANGU - RJ  21840170RIO DE JANEIRO RJUNIAO UMB DOS CULTOS AFRO BRAS    30041810 000038
10231987175000168817800093673    000010715                    000107150000000000000109                     I0210715     30031800000000035003410000017N200218104700000000000103003180000000000000000000000000000000000000000100004278587716LUCIANO GONCALVES PIRES                 RUA MARECHAL ANTONIO DE SOUSA           JARDIM AMERI21240430RIO DE JANEIRO RJUNIAO UMB DOS CULTOS AFRO BRAS    30031810 000039
10231987175000168817800093673    000010530                    000105300000000000000109                     I0210530     30031800000000035003410000017N200218104700000000000103003180000000000000000000000000000000000000000100002638717703EDINO GOMES DE BARROS JUNIOR            RUA PARANA N 10                         MORRO DO ORI24400000SAO GONCALO    RJUNIAO UMB DOS CULTOS AFRO BRAS    30031810 000040
10231987175000168817800093673    000010516                    000105160000000000000109                     I0210516     30031800000000035003410000017N200218104700000000000103003180000000000000000000000000000000000000000100062988050791REGINA LUCIA DE SOUZA SANTOS T          RUA ENGENHEIRO LAFAYETE STOCKLER N 742  VILA DA PENH21221390RIO DE JANEIRO RJUNIAO UMB DOS CULTOS AFRO BRAS    30031810 000041
10231987175000168817800093673    000010452                    000104520000000000000109                     I0210452     30031800000000035003410000017N200218104700000000000103003180000000000000000000000000000000000000000100040433307749IARA BARBOSA MACHADO                    RUA SAO FIDELIS SN LOTE 16 QUADRA 25    PRADOS VERDE26299165NOVA IGUACU    RJUNIAO UMB DOS CULTOS AFRO BRAS    30031810 000042
10231987175000168817800093673    000010259                    000102590000000000000109                     I0210259     30031800000000035003410000017N200218104700000000000103003180000000000000000000000000000000000000000100000119220792ANA MARIA PASSOS INOCENCIO              RUA CACONDE N 258                       RIO DE JANEI21331415RIO DE JANEIRO RJUNIAO UMB DOS CULTOS AFRO BRAS    30031810 000043
10231987175000168817800093673    000010158                    000101580000000000000109                     I0210158     30031800000000035003410000017N200218104700000000000103003180000000000000000000000000000000000000000100011790209790NOILDA SANTIAGO DA SILVA                RUA ADRIANA N 203 FUNDOS                VALVERDE - N26290645NOVA IGUACU    RJUNIAO UMB DOS CULTOS AFRO BRAS    30031810 000044
10231987175000168817800093673    000010098                    000100980000000000000109                     I0210098     30031800000000035003410000017N200218104700000000000103003180000000000000000000000000000000000000000200000000011636CARLOS DE CARVALHO                      RUA MARINALVA SILVA, 9                  MALHAPAO - B26187660BELFORD ROXO   RJUNIAO UMB DOS CULTOS AFRO BRAS    30031810 000045
10231987175000168817800093673    000010048                    000100480000000000000109                     I0210048     30031800000000035003410000017N200218104700000000000103003180000000000000000000000000000000000000000100009263590702JEAN CARLOS DOS SANTOS                  RUA NEVES LOTE 8 QUADRA 3               PARQUE ARARU25585580SAO JOAO DE MERRJUNIAO UMB DOS CULTOS AFRO BRAS    30031810 000046
10231987175000168817800093673    00009973                     000099730000000000000109                     I349973      30031800000000035003410000017N200218104700000000000103003180000000000000000000000000000000000000000100002480943780HELIA SANTOS DA SILVA DE LIMA           RUA JOSE DE ALENCAR, QUADRA 67 LOTE 5   PRACA DA BAN25560150SAO JOAO DE MERRJUNIAO UMB DOS CULTOS AFRO BRAS    30031810 000047
10231987175000168817800093673    00009946                     000099460000000000000109                     I349946      30031800000000035003410000017N200218104700000000000103003180000000000000000000000000000000000000000100002871832706VILMA LUCI PENEDO DOS SANTOS            RUA OLINDA, SN QUADRA E LOTE 1          LAGOINHA - N26296453NOVA IGUACU    RJUNIAO UMB DOS CULTOS AFRO BRAS    30031810 000048
10231987175000168817800093673    00009884                     000098840000000000000109                     I349884      30031800000000035003410000017N200218104700000000000103003180000000000000000000000000000000000000000200000000010582NILO SERGIO SANTOS BARCELLOS            ESTRADA CORONEL VIEIRA, 134 BLOCO 4 APTOIRAJA - RJ  21220310RIO DE JANEIRO RJUNIAO UMB DOS CULTOS AFRO BRAS    30031810 000049
10231987175000168817800093673    00009689                     000096890000000000000109                     I029689      30031800000000035003410000017N200218104700000000000103003180000000000000000000000000000000000000000100043194869787JORGE PINHEIRO DE ALMEIDA               RUA CERQUEIRA CESAR N 121 CASA 1        MADUREIRA - 21351070RIO DE JANEIRO RJUNIAO UMB DOS CULTOS AFRO BRAS    30031810 000050
10231987175000168817800093673    00009637                     000096370000000000000109                     I029637      30031800000000035003410000017N200218104700000000000103003180000000000000000000000000000000000000000100093473095753ALEXANDER NUNES PICANCO                 RUA REGISTRO, 315                       SENADOR CAMA21832270RIO DE JANEIRO RJUNIAO UMB DOS CULTOS AFRO BRAS    30031810 000051
10231987175000168817800093673    00009447                     000094470000000000000109                     I349447      30031800000000035003410000017N200218104700000000000103003180000000000000000000000000000000000000000100058375562734NOELIA NOEMIA PIRES FERREIRA            AV. EUCLIDES DA CUNHA N° 100 A         V. SAO JOAO 22790702RIO DE JANEIRO RJUNIAO UMB DOS CULTOS AFRO BRAS    30031810 000052
10231987175000168817800093673    00009204                     000092040000000000000109                     I029204      30031800000000035003410000017N200218104700000000000103003180000000000000000000000000000000000000000100021153132753VALDAIR DE ABREU PEREIRA                RUA ITAPARA, 51                         BANGU - RJ  21840170RIO DE JANEIRO RJUNIAO UMB DOS CULTOS AFRO BRAS    30031810 000053
10231987175000168817800093673    00009109                     000091090000000000000109                     I029109      05031800000000175003410000017N200218104700000000000100503180000000000000000000000000000000000000000100090100328768VANDA DA SILVA MARQUES                  RUA TAIUVA, 117 FUNDOS                  PADRE MIGUEL21775450RIO DE JANEIRO RJUNIAO UMB DOS CULTOS AFRO BRAS    05031810 000054
10231987175000168817800093673    00008279                     000082790000000000000109                     I028279      28021800000000035003410000017N291217104700000000000102802180000000000000000000000000000000000000000200000000011636CARLOS DE CARVALHO                      RUA MARINALVA SILVA, 9                  MALHAPAO - B26187660BELFORD ROXO   RJUNIAO UMB DOS CULTOS AFRO BRAS    28021810 000055
10231987175000168817800093673    00008225                     000082250000000000000109                     I028225      28021800000000035003410000017N291217104700000000000102802180000000000000000000000000000000000000000100061172413720ELVIRA CRISTINA DE OLIVEIRA             RUA JOSE DOS REIS, 2265 BLOCO 3 APTO 103INHAUMA - RJ20760245RIO DE JANEIRO RJUNIAO UMB DOS CULTOS AFRO BRAS    28021810 000056
10231987175000168817800093673    00007154                     000071540000000000000109                     I027154      28021800000000035003410000017N271217104700000000000102802180000000000000000000000000000000000000000100002638717703EDINO GOMES DE BARROS JUNIOR            RUA PARANA N 10                         MORRO DO ORI24400000SAO GONCALO    RJUNIAO UMB DOS CULTOS AFRO BRAS    28021810 000057
10231987175000168817800093673    00006980                     000069800000000000000109                     I026980      28021800000000035003410000017N271217104700000000000102802180000000000000000000000000000000000000000100090100328768VANDA DA SILVA MARQUES                  RUA TAIUVA, 117 FUNDOS                  PADRE MIGUEL21775450RIO DE JANEIRO RJUNIAO UMB DOS CULTOS AFRO BRAS    28021810 000058
10231987175000168817800093673    00006762                     000067620000000000000109                     I026762      28021800000000035003410000017N271217104700000000000102802180000000000000000000000000000000000000000100009263590702JEAN CARLOS DOS SANTOS                  RUA NEVES LOTE 8 QUADRA 3               PARQUE ARARU25585580SAO JOAO DE MERRJUNIAO UMB DOS CULTOS AFRO BRAS    28021810 000059
10231987175000168817800093673    00006682                     000066820000000000000109                     I346682      28021800000000035003410000017N271217104700000000000102802180000000000000000000000000000000000000000100002871832706VILMA LUCI PENEDO DOS SANTOS            RUA OLINDA, SN QUADRA E LOTE 1          LAGOINHA - N26296453NOVA IGUACU    RJUNIAO UMB DOS CULTOS AFRO BRAS    28021810 000060
10231987175000168817800093673    00006636                     000066360000000000000109                     I346636      28021800000000035003410000017N271217104700000000000102802180000000000000000000000000000000000000000200000000010582NILO SERGIO SANTOS BARCELLOS            ESTRADA CORONEL VIEIRA, 134 BLOCO 4 APTOIRAJA - RJ  21220310RIO DE JANEIRO RJUNIAO UMB DOS CULTOS AFRO BRAS    28021810 000061
10231987175000168817800093673    00006465                     000064650000000000000109                     I026465      28021800000000035003410000017N271217104700000000000102802180000000000000000000000000000000000000000100093473095753ALEXANDER NUNES PICANCO                 RUA REGISTRO, 315                       SENADOR CAMA21832270RIO DE JANEIRO RJUNIAO UMB DOS CULTOS AFRO BRAS    28021810 000062
10231987175000168817800093673    00006350                     000063500000000000000109                     I026350      28021800000000035003410000017N271217104700000000000102802180000000000000000000000000000000000000000100003666096700MARIA DOS SANTOS MACHADO                RUA JOAO RAIMUNDO, QUADRA 3 LOTE 13     VILA SANTO A25041400DUQUE DE CAXIASRJUNIAO UMB DOS CULTOS AFRO BRAS    28021810 000063
10231987175000168817800093673    00006283                     000062830000000000000109                     I026283      28021800000000035003410000017N271217104700000000000102802180000000000000000000000000000000000000000100098546686734MARCIO NEVES                            RUA FLORIANOPOLIS N 63                  PRACA SECA -21321050RIO DE JANEIRO RJUNIAO UMB DOS CULTOS AFRO BRAS    28021810 000064
10231987175000168817800093673    00005904                     000059040000000000000109                     I025904      31011800000000035003410000017N261217104700000000000103101180000000000000000000000000000000000000000100002638717703EDINO GOMES DE BARROS JUNIOR            RUA PARANA N 10                         MORRO DO ORI24400000SAO GONCALO    RJUNIAO UMB DOS CULTOS AFRO BRAS    31011810 000065
10231987175000168817800093673    00005730                     000057300000000000000109                     I025730      31011800000000035003410000017N261217104700000000000103101180000000000000000000000000000000000000000100090100328768VANDA DA SILVA MARQUES                  RUA TAIUVA, 117 FUNDOS                  PADRE MIGUEL21775450RIO DE JANEIRO RJUNIAO UMB DOS CULTOS AFRO BRAS    31011810 000066
10231987175000168817800093673    00005690                     000056900000000000000109                     I025690      31011800000000035003410000017N261217104700000000000103101180000000000000000000000000000000000000000100004245693703JONETE DA SILVA FRANCISCO               RUA MOZART FIRMESA, 20 COBERTURA 303    RECREIO - RJ22795365RIO DE JANEIRO RJUNIAO UMB DOS CULTOS AFRO BRAS    31011810 000067
10231987175000168817800093673    00005512                     000055120000000000000109                     I025512      31011800000000035003410000017N261217104700000000000103101180000000000000000000000000000000000000000100009263590702JEAN CARLOS DOS SANTOS                  RUA NEVES LOTE 8 QUADRA 3               PARQUE ARARU25585580SAO JOAO DE MERRJUNIAO UMB DOS CULTOS AFRO BRAS    31011810 000068
10231987175000168817800093673    00005386                     000053860000000000000109                     I345386      31011800000000035003410000017N261217104700000000000103101180000000000000000000000000000000000000000200000000010582NILO SERGIO SANTOS BARCELLOS            ESTRADA CORONEL VIEIRA, 134 BLOCO 4 APTOIRAJA - RJ  21220310RIO DE JANEIRO RJUNIAO UMB DOS CULTOS AFRO BRAS    31011810 000069
10231987175000168817800093673    00005215                     000052150000000000000109                     I025215      31011800000000035003410000017N261217104700000000000103101180000000000000000000000000000000000000000100093473095753ALEXANDER NUNES PICANCO                 RUA REGISTRO, 315                       SENADOR CAMA21832270RIO DE JANEIRO RJUNIAO UMB DOS CULTOS AFRO BRAS    31011810 000070
10231987175000168817800093673    00005100                     000051000000000000000109                     I025100      31011800000000035003410000017N261217104700000000000103101180000000000000000000000000000000000000000100003666096700MARIA DOS SANTOS MACHADO                RUA JOAO RAIMUNDO, QUADRA 3 LOTE 13     VILA SANTO A25041400DUQUE DE CAXIASRJUNIAO UMB DOS CULTOS AFRO BRAS    31011810 000071
9                                                                                                                                                                                                                                                                                                                                                                                                         000072
