01REMESSA01COBRANCA       817800093673        União Umb dos Cultos Afro Bra341BANCO ITAU SA  090118                                                                                                                                                                                                                                                                                                      000001
10231987175000168817800093673    00005673                     000056730000000000000109                     I015673      31011800000000035003410000017N261217050900000000000103101180000000000000000000000000000000000000000100093265042715CARMEN MESQUITA CAMILLO DA SIL          RUA RAUL PEDERNEIRAS, 261               BANGU - RIO 21860210RIO DE JANEIRO RJUNIAO UMB DOS CULTOS AFRO BRAS    31011810 000002
10231987175000168817800093673    00005672                     000056720000000000000109                     I015672      31011800000000035003410000017N261217050900000000000103101180000000000000000000000000000000000000000100049630903768ADELSON MARIANO PEREIRA                 ESTRADA SAO DOMINGOS SAVIO, 868 RUA C LOSANTA CRUZ -23525033RIO DE JANEIRO RJUNIAO UMB DOS CULTOS AFRO BRAS    31011810 000003
10231987175000168817800093673    00005671                     000056710000000000000109                     I015671      31011800000000035003410000017N261217050900000000000103101180000000000000000000000000000000000000000100024540285734FERNANDO PEREIRA DE SOUZA               RUA ALECRIM  1008                       VILA KOSMOS 21220050RIO DE JANEIRO RJUNIAO UMB DOS CULTOS AFRO BRAS    31011810 000004
10231987175000168817800093673    00005670                     000056700000000000000109                     I015670      31011800000000035003410000017N261217050900000000000103101180000000000000000000000000000000000000000100004762099783MARLENE DA CONCEICAO BARRETO            RUA GONZAGA BASTOS, 209 BLOCO C APTO 308TIJUCA - RIO20541000RIO DE JANEIRO RJUNIAO UMB DOS CULTOS AFRO BRAS    31011810 000005
10231987175000168817800093673    00005669                     000056690000000000000109                     I015669      31011800000000035003410000017N261217050900000000000103101180000000000000000000000000000000000000000100083765778753MARCIA REGINA NUNES DA SILVA            RUA AXUA, 227 CASA 16                   TAQUARA - JA22713515RIO DE JANEIRO RJUNIAO UMB DOS CULTOS AFRO BRAS    31011810 000006
10231987175000168817800093673    00005668                     000056680000000000000109                     I015668      31011800000000035003410000017N261217050900000000000103101180000000000000000000000000000000000000000100015415831777DOUGLAS DA SILVA DE SOUZA               RUA CAPINTUBA, 162                      IRAJA - RJ  21361210RIO DE JANEIRO RJUNIAO UMB DOS CULTOS AFRO BRAS    31011810 000007
10231987175000168817800093673    00005667                     000056670000000000000109                     I015667      31011800000000035003410000017N261217050900000000000103101180000000000000000000000000000000000000000100001055608710IARA DA SILVA REGO                      RUA: ALCOBACA 1333 CASA 1               ANCHIETA - R21645001RIO DE JANEIRO RJUNIAO UMB DOS CULTOS AFRO BRAS    31011810 000008
10231987175000168817800093673    00005666                     000056660000000000000109                     I015666      31011800000000035003410000017N261217050900000000000103101180000000000000000000000000000000000000000100074906615791MARIA DE FATIMA FERREIRA TENOR          RUA PRACINHA WALLACE PAES LEME, 1483    CENTRO - NIL26525046NILOPOLIS      RJUNIAO UMB DOS CULTOS AFRO BRAS    31011810 000009
10231987175000168817800093673    00005665                     000056650000000000000109                     I015665      31011800000000035003410000017N261217050900000000000103101180000000000000000000000000000000000000000100077819306734UENES DA SILVA DE OLIVEIRA              RUA GENERAL CARVALHO  Nº 1148          CORDOVIL    21250240RIO DE JANEIRO RJUNIAO UMB DOS CULTOS AFRO BRAS    31011810 000010
10231987175000168817800093673    00005664                     000056640000000000000109                     I015664      31011800000000035003410000017N261217050900000000000103101180000000000000000000000000000000000000000100003159130452VICENTE FELICIO DA SILVA                RUA LUIZA NEOFILA PIMENTA, 156          ALTO DA CAPE59680000CAMPO GRANDE   RNUNIAO UMB DOS CULTOS AFRO BRAS    31011810 000011
10231987175000168817800093673    00005663                     000056630000000000000109                     I015663      31011800000000035003410000017N261217050900000000000103101180000000000000000000000000000000000000000100001613673728PAULO DA CONCEICAO SOARES               RUA PAULICEIA N 18                      PARQUE SAO B26176380BELFORD ROXO   RJUNIAO UMB DOS CULTOS AFRO BRAS    31011810 000012
10231987175000168817800093673    00005662                     000056620000000000000109                     I015662      31011800000000035003410000017N261217050900000000000103101180000000000000000000000000000000000000000100009979098708WASHINGTON BENTO DA CUNHA               RUA CAMPOS, BLOCO 8 QUADRA A            VILLAR DOS T25570200SAO JOAO DE MERRJUNIAO UMB DOS CULTOS AFRO BRAS    31011810 000013
10231987175000168817800093673    00005660                     000056600000000000000109                     I015660      31011800000000035003410000017N261217050900000000000103101180000000000000000000000000000000000000000100010949550434JOAO BATISTA PEREIRA DE VASCON          RUA NEIDE ALVES DA SILVA, 162           JARDIM SAO S58306450BAYEUX         PBUNIAO UMB DOS CULTOS AFRO BRAS    31011810 000014
10231987175000168817800093673    00005659                     000056590000000000000109                     I015659      31011800000000035003410000017N261217050900000000000103101180000000000000000000000000000000000000000100073408042772VANDA CEZARIO LIMA BRAZ                 RUA JOSE FERNANDES DE OLIVEIRA, 70      CENTRO - NIL26521640NILOPOLIS      RJUNIAO UMB DOS CULTOS AFRO BRAS    31011810 000015
10231987175000168817800093673    00005658                     000056580000000000000109                     I015658      31011800000000035003410000017N261217050900000000000103101180000000000000000000000000000000000000000100007228447786JEFFERSON CACADOR DE LIMA               RUA GEREMARIO DANTAS, 885 BLOCO 1 APTO 3PECHINCHA - 22743011RIO DE JANEIRO RJUNIAO UMB DOS CULTOS AFRO BRAS    31011810 000016
10231987175000168817800093673    00005657                     000056570000000000000109                     I015657      31011800000000035003410000017N261217050900000000000103101180000000000000000000000000000000000000000100033927499749JORGE CARDOSO DE MACEDO                 RUA G, LOTE 29 QUADRA 11                GRANJA SANTA25900000PIABETA - MAGE RJUNIAO UMB DOS CULTOS AFRO BRAS    31011810 000017
10231987175000168817800093673    00005656                     000056560000000000000109                     I015656      31011800000000035003410000017N261217050900000000000103101180000000000000000000000000000000000000000100001215240783SONIA MARIA ROSA BRANDAO                RUA ARARUAMA, 280                       BANGU - RJ  21562050RIO DE JANEIRO RJUNIAO UMB DOS CULTOS AFRO BRAS    31011810 000018
10231987175000168817800093673    00005655                     000056550000000000000109                     I015655      31011800000000035003410000017N261217050900000000000103101180000000000000000000000000000000000000000100060894628704TERESINHA DE JESUS BIL RAMOS T          RUA GENERAL MIGUEL FERREIRA, 178 RUA E CTAQUARA - RI22770590RIO DE JANEIRO RJUNIAO UMB DOS CULTOS AFRO BRAS    31011810 000019
10231987175000168817800093673    00005654                     000056540000000000000109                     I015654      31011800000000035003410000017N261217050900000000000103101180000000000000000000000000000000000000000100005235517709SIDNEY ROBERTO SILVA DE CARVAL          RUA DONATELO, LOTE 27 QUADRA 38         GUARATIBA   23028210RIO DE JANEIRO RJUNIAO UMB DOS CULTOS AFRO BRAS    31011810 000020
10231987175000168817800093673    00005653                     000056530000000000000109                     I015653      31011800000000035003410000017N261217050900000000000103101180000000000000000000000000000000000000000100059130091772JORGE LUIZ CERUTTI AMADI                RUA EUNICE DE MENEZES, CASA 2 LOTE 7    VENDA VELHA 25565470SAO JOAO DE MERRJUNIAO UMB DOS CULTOS AFRO BRAS    31011810 000021
10231987175000168817800093673    00005652                     000056520000000000000109                     I015652      31011800000000035003410000017N261217050900000000000103101180000000000000000000000000000000000000000100063629852734ZULEICA JANINA BOMFIM AMARAL            RUA DA CAPELA, 744                      ESTACIO - RI20250051RIO DE JANEIRO RJUNIAO UMB DOS CULTOS AFRO BRAS    31011810 000022
10231987175000168817800093673    00005651                     000056510000000000000109                     I015651      31011800000000035003410000017N261217050900000000000103101180000000000000000000000000000000000000000100005529010750JOELMA MELO DA SILVA                    RUA ELIEZER ALVES DA ROCHA, 226         RAUL VEIGA -24710640SAO GONCALO    RJUNIAO UMB DOS CULTOS AFRO BRAS    31011810 000023
10231987175000168817800093673    00005650                     000056500000000000000109                     I015650      31011800000000035003410000017N261217050900000000000103101180000000000000000000000000000000000000000100085958549715TANIA REGINA LONTRA BITTENCOUR          RUA MARIO SANTANA, 1 BLOCO 17 APTO 103  WONA  - BELF26176285BELFORD ROXO   RJUNIAO UMB DOS CULTOS AFRO BRAS    31011810 000024
10231987175000168817800093673    00005649                     000056490000000000000109                     I015649      31011800000000035003410000017N261217050900000000000103101180000000000000000000000000000000000000000100037433288791VERA LUCIA COSTA MOACYR                 RUA JOANA KALIL, LOTE 6 QUADRA 51       JARDIM MERIT25555100SAO JOAO DE MERRJUNIAO UMB DOS CULTOS AFRO BRAS    31011810 000025
10231987175000168817800093673    00005648                     000056480000000000000109                     I015648      31011800000000035003410000017N261217050900000000000103101180000000000000000000000000000000000000000100001817781731JORGE LUIZ MENDES DA CUNHA              RUA  VASCO DA GAMA, 36                  CACHAMBI - R20771310RIO DE JANEIRO RJUNIAO UMB DOS CULTOS AFRO BRAS    31011810 000026
10231987175000168817800093673    00005647                     000056470000000000000109                     I015647      31011800000000035003410000017N261217050900000000000103101180000000000000000000000000000000000000000100007540937785MICHEL FREIRE HUGUENIN                  RUA CARLOS XAVIER, 416 FUNDOS           OSWALDO CRUZ21310000RIO DE JANEIRO RJUNIAO UMB DOS CULTOS AFRO BRAS    31011810 000027
10231987175000168817800093673    00005646                     000056460000000000000109                     I015646      31011800000000035003410000017N261217050900000000000103101180000000000000000000000000000000000000000100073590690763JORGE ARAUJO LOURENCO                   RUA JUPARA, 96 CASA 2 FUNDOS            SAO CRISTOVA20911060RIO DE JANEIRO RJUNIAO UMB DOS CULTOS AFRO BRAS    31011810 000028
10231987175000168817800093673    00005645                     000056450000000000000109                     I015645      31011800000000035003410000017N261217050900000000000103101180000000000000000000000000000000000000000100002051058741CRISTIANE SANTANA GURGEL CORTE          RUA  JONAS AMANCIO, 160  - AMANDA       CAMPO GRANDE23092710RIO DE JANEIRO RJUNIAO UMB DOS CULTOS AFRO BRAS    31011810 000029
10231987175000168817800093673    00005644                     000056440000000000000109                     I015644      31011800000000035003410000017N261217050900000000000103101180000000000000000000000000000000000000000100002727538740DILNEI PEREIRA CRUZ                     RUA ALAIDE MARINHO, 52                  JARDIM NOVA 26272240NOVA IGUACU    RJUNIAO UMB DOS CULTOS AFRO BRAS    31011810 000030
10231987175000168817800093673    00005643                     000056430000000000000109                     I025643      31011800000000035003410000017N261217050900000000000103101180000000000000000000000000000000000000000100052282171772SONIA MARIA DOS SANTOS                  RUA MIDA, 13 QUADRA I                   RIACHAO - NO26084050NOVA IGUACU    RJUNIAO UMB DOS CULTOS AFRO BRAS    31011810 000031
10231987175000168817800093673    00005642                     000056420000000000000109                     I015642      31011800000000035003410000017N261217050900000000000103101180000000000000000000000000000000000000000100093778244787GENEILDA RANGEL SMITH                   RUA MARIA LUIZA REIS , 850              ENGENHEIRO D25015045DUQUE DE CAXIASRJUNIAO UMB DOS CULTOS AFRO BRAS    31011810 000032
10231987175000168817800093673    00005641                     000056410000000000000109                     I015641      31011800000000035003410000017N261217050900000000000103101180000000000000000000000000000000000000000100000904501752ALEXANDRE DOS ANJOS PIMENTEL            AVENIDA DOM HELDER CAMARA, 1595 BLOCO 18BENFICA - RI20973011RIO DE JANEIRO RJUNIAO UMB DOS CULTOS AFRO BRAS    31011810 000033
10231987175000168817800093673    00005640                     000056400000000000000109                     I015640      31011800000000035003410000017N261217050900000000000103101180000000000000000000000000000000000000000100010415045789CRISTIANO SOUZA BATISTA                 RUA SEIS DE ABRIL, 270                  CABUCU - NOV26293336NOVA IGUACU    RJUNIAO UMB DOS CULTOS AFRO BRAS    31011810 000034
10231987175000168817800093673    00005639                     000056390000000000000109                     I015639      31011800000000035003410000017N261217050900000000000103101180000000000000000000000000000000000000000100000441487718DALVA LUIZ GOMES                        RUA: PARAISO LOTE 10 QUADRA 94 CASA 3 - NOVA IGUACU 26291446NOVA IGUACU    RJUNIAO UMB DOS CULTOS AFRO BRAS    31011810 000035
10231987175000168817800093673    00005638                     000056380000000000000109                     I015638      31011800000000035003410000017N261217050900000000000103101180000000000000000000000000000000000000000100009658353754ROSINEI MARIA DOS SANTOS PEIXO          RUA FLORESTA, 1145 CASA A 3             SEPETIBA - R23540430RIO DE JANEIRO RJUNIAO UMB DOS CULTOS AFRO BRAS    31011810 000036
10231987175000168817800093673    00005637                     000056370000000000000109                     I015637      31011800000000035003410000017N261217050900000000000103101180000000000000000000000000000000000000000100000377539759WELLINGTON LUIS RODRIGUES               RUA ARGENTINA REIS, 80 FUNDOS           QUINTINO BOC20740040RIO DE JANEIRO RJUNIAO UMB DOS CULTOS AFRO BRAS    31011810 000037
10231987175000168817800093673    00005636                     000056360000000000000109                     I015636      31011800000000035003410000017N261217050900000000000103101180000000000000000000000000000000000000000100014842140720HUDSON WALLACE ANGELO DA SILVA          O MESMO                                 O MESMO     25220689DUQUE DE CAXIASRJUNIAO UMB DOS CULTOS AFRO BRAS    31011810 000038
10231987175000168817800093673    00005635                     000056350000000000000109                     I015635      31011800000000035003410000017N261217050900000000000103101180000000000000000000000000000000000000000100009396919730CATIA DE SOUZA SANTIAGO                 ESTRADA SAO FRANCISCO, 766 - SURUI      SURUI - MAGE25900000MAGE           RJUNIAO UMB DOS CULTOS AFRO BRAS    31011810 000039
10231987175000168817800093673    00005633                     000056330000000000000109                     I015633      31011800000000035003410000017N261217050900000000000103101180000000000000000000000000000000000000000100002912143713JANAINA PACHECO PINHEIRO                RUA FILGUEIRAS LIMA, 69 BLOCO 2 APTO 101RIACHUELO - 20950050RIO DE JANEIRO RJUNIAO UMB DOS CULTOS AFRO BRAS    31011810 000040
10231987175000168817800093673    00005632                     000056320000000000000109                     I015632      31011800000000035003410000017N261217050900000000000103101180000000000000000000000000000000000000000100054085071734DENISE SANTANA MACIEL                   RUA CARATUVA, LOTE 19                   JARDIM SULAC22725020RIO DE JANEIRO RJUNIAO UMB DOS CULTOS AFRO BRAS    31011810 000041
10231987175000168817800093673    00005631                     000056310000000000000109                     I015631      31011800000000035003410000017N261217050900000000000103101180000000000000000000000000000000000000000100001390670350ANA PAULA SOUSA                         ESTRADA BOGANVILLE, 869 CASA 22         ANIL - JACAR22753210RIO DE JANEIRO RJUNIAO UMB DOS CULTOS AFRO BRAS    31011810 000042
10231987175000168817800093673    00005630                     000056300000000000000109                     I015630      31011800000000035003410000017N261217050900000000000103101180000000000000000000000000000000000000000100003632396779ADRIANA DA RESSURREICAO GUEDES          RUA PARANA, 439                         CENTRO - MES26253020MESQUITA       RJUNIAO UMB DOS CULTOS AFRO BRAS    31011810 000043
10231987175000168817800093673    00005629                     000056290000000000000109                     I015629      31011800000000035003410000017N261217050900000000000103101180000000000000000000000000000000000000000100082981191772DEJANIRA LOPES FERREIRA                 RUA JOSE BENTO DE OLIVEIRA, 129         QUIMICA - BA27130270BARRA DO PIRAI RJUNIAO UMB DOS CULTOS AFRO BRAS    31011810 000044
10231987175000168817800093673    00005628                     000056280000000000000109                     I015628      31011800000000035003410000017N261217050900000000000103101180000000000000000000000000000000000000000100009036923760ERIKA BARBOSA DOS SANTOS                AVENIDA ERNANI CARDOSO, 53 FUNDOS CASA 1CASCADURA - 21310310RIO DE JANEIRO RJUNIAO UMB DOS CULTOS AFRO BRAS    31011810 000045
10231987175000168817800093673    00005627                     000056270000000000000109                     I015627      31011800000000035003410000017N261217050900000000000103101180000000000000000000000000000000000000000100008478002707ALEXSANDRO JOAO MARTINS                 RUA: CARMO DO RIO CLARO Nº 266 - SAO GANOVA IGUACU 26021830NOVA IGUACU    RJUNIAO UMB DOS CULTOS AFRO BRAS    31011810 000046
10231987175000168817800093673    00005625                     000056250000000000000109                     I015625      31011800000000035003410000017N261217050900000000000103101180000000000000000000000000000000000000000100012745403729BENEDITA CIRLEIDE RODRIGUES BR          RUA JOAO FLORIANO, 301 QUADRA 97 LOTE 25JD CATARINA 24717520SAO GONCALO    RJUNIAO UMB DOS CULTOS AFRO BRAS    31011810 000047
10231987175000168817800093673    00005571                     000055710000000000000109                     I015571      31011800000000035003410000017N261217050900000000000103101180000000000000000000000000000000000000000100060158751787CARLOS ALEXANDRE PEREIRA E SOU          RUA BEMPOSTA, S/N CASA 2 LOTE 67 - TAQUABOIUNA - JAC22723320RIO DE JANEIRO RJUNIAO UMB DOS CULTOS AFRO BRAS    31011810 000048
9                                                                                                                                                                                                                                                                                                                                                                                                         000049
