01REMESSA01COBRANCA       817800093673        União Umb dos Cultos Afro Bra341BANCO ITAU SA  110118                                                                                                                                                                                                                                                                                                      000001
10231987175000168817800093673    00006540                     000065400000000000000109                     I026540      28021800000000035003410000017N271217050900000000000102802180000000000000000000000000000000000000000100077597443749RONALDO SILVA DOS SANTOS                RUA: ITAPECERICA N 265 CASA 5           REALENGO - R21730190RIO DE JANEIRO RJUNIAO UMB DOS CULTOS AFRO BRAS    28021810 000002
10231987175000168817800093673    00006374                     000063740000000000000109                     I026374      28021800000000035003410000017N271217050900000000000102802180000000000000000000000000000000000000000100059195711791ELOISA HELENA PEREIRA NUNES             RUA BOAIACA, 330                        BENTO RIBEIR21331600RIO DE JANEIRO RJUNIAO UMB DOS CULTOS AFRO BRAS    28021810 000003
10231987175000168817800093673    00004685                     000046850000000000000109                     I024685      04121700000000175003410000017N301117050900000000000100412170000000000000000000000000000000000000000100069426864768ANA MARIA DO SACRAMENTO                 RUA ZILA MENDONCA N 45                  BARRACAO - S24735055SAO GONCALO    RJUNIAO UMB DOS CULTOS AFRO BRAS    04121710 000004
10231987175000168817800093673    00004670                     000046700000000000000109                     I024670      10121700000000700003410000017N271117050900000000000101012170000000000000000000000000000000000000000100000003275736ADRIANA MATTOS DA CRUZ MEIRELL          O MESMO                                 O MESMO     24350200NITEROI        RJUNIAO UMB DOS CULTOS AFRO BRAS    10121710 000005
10231987175000168817800093673    00004647                     000046470000000000000109                     I024647      05121700000000140003410000017N211117050900000000000100512170000000000000000000000000000000000000000100002945103702LUANDA DO NASCIMENTO DO CARMO           RUA IBOTIRAMA N 23                      COLEGIO - RI21545350RIO DE JANEIRO RJUNIAO UMB DOS CULTOS AFRO BRAS    05121710 000006
10231987175000168817800093673    00004645                     000046450000000000000109                     I024645      10121700000000700003410000017N211117050900000000000101012170000000000000000000000000000000000000000100009020096729JULIO CESAR VASCONCELOS BORGES          O MESMO                                 O MESMO     24866548ITABORAI       RJUNIAO UMB DOS CULTOS AFRO BRAS    10121710 000007
10231987175000168817800093673    00001705                     000017050000000000000109                     I021705      05121700000000700003410000017N131117050900000000000100512170000000000000000000000000000000000000000100005506169779WASHINGTON NOGUEIRA DOS SANTOS          O MESMO                                 O MESMO     21011130RIO DE JANEIRO RJUNIAO UMB DOS CULTOS AFRO BRAS    05121710 000008
10231987175000168817800093673    00001655                     000016550000000000000109                     I021655      05121700000000280003410000017N301017050900000000000100512170000000000000000000000000000000000000000100008664578756ATILA LARRICE GALDINO                   RUA MINERVINA NUNES DA COSTA, 238 FUNDOSPARQUE ANCHI21635350RIO DE JANEIRO RJUNIAO UMB DOS CULTOS AFRO BRAS    05121710 000009
10231987175000168817800093673    00001536                     000015360000000000000109                     I021536      20121700000000340003410000017N251017050900000000000102012170000000000000000000000000000000000000000100000561922748SALVADOR MOLINA TRINDADE                RUA INARE  490                          CASCADURA - 21311190RIO DE JANEIRO RJUNIAO UMB DOS CULTOS AFRO BRAS    20121710 000010
10231987175000168817800093673    00001417                     000014170000000000000109                     I021417      05121700000000070003410000017N241017050900000000000100512170000000000000000000000000000000000000000100008158166776CRISTIANE DE ALMEIDA DA ROCHA           RUA JOANA RESENDE N° 28 - MADUREIRA    RIO DE JANEI21360430RIO DE JANEIRO RJUNIAO UMB DOS CULTOS AFRO BRAS    05121710 000011
10231987175000168817800093673    00001280                     000012800000000000000109                     I021280      20121700000000340003410000017N241017050900000000000102012170000000000000000000000000000000000000000100010078178797ALINE CORREA SOUZA                      AVENIDA PILAR DO SUL LOTE 42 QUADRA 23  GUARATIBA - 23033160RIO DE JANEIRO RJUNIAO UMB DOS CULTOS AFRO BRAS    20121710 000012
10231987175000168817800093673    0000768                      000007680000000000000109                     I02768       20121700000000340003410000017N171017050900000000000102012170000000000000000000000000000000000000000100008501649740ADILSON PEREIRA DIAS                    RUA ALBERTO MARTIRES ASTH, 260          SAO GERALDO 28630485NOVA FRIBURGO  RJUNIAO UMB DOS CULTOS AFRO BRAS    20121710 000013
10231987175000168817800093673    0000512                      000005120000000000000109                     I02512       20121700000000340003410000017N101017050900000000000102012170000000000000000000000000000000000000000100039622100759LEIR AUGUSTO DA SILVA                   RUA FRANCISCA GOMES N 111               FRAGOSO - MA25935480MAGE           RJUNIAO UMB DOS CULTOS AFRO BRAS    20121710 000014
10231987175000168817800093673    0000258                      000002580000000000000109                     I02258       20121700000000340003410000017N101017050900000000000102012170000000000000000000000000000000000000000100085867470768MARIA DE FATIMA VIANA DE OLIVE          RUA FRANCISCO PLACIDO DE JESUS, 52      CAMPOS ELYSE25235040DUQUE DE CAXIASRJUNIAO UMB DOS CULTOS AFRO BRAS    20121710 000015
10231987175000168817800093673    0000257                      000002570000000000000109                     I02257       20121700000000300003410000017N101017050900000000000102012170000000000000000000000000000000000000000100005400397727DENISE ANGELICA DOS SANTOS ROS          RUA SAO DEOGRACIAS, 97                  GUARATIBA - 23036610RIO DE JANEIRO RJUNIAO UMB DOS CULTOS AFRO BRAS    20121710 000016
9                                                                                                                                                                                                                                                                                                                                                                                                         000017
