01REMESSA01COBRANCA       817800093673        União Umb dos Cultos Afro Bra341BANCO ITAU SA  160118                                                                                                                                                                                                                                                                                                      000001
10231987175000168817800093673    00007068                     000070680000000000000109                     I027068      28021800000000035003410000017N271217050900000000000102802180000000000000000000000000000000000000000100060774282720ROSANGELA MOURA VALENTE                 RUA CINQUENTA E QUATRO LOTE 38 QUADRA 20JARDIM ATLAN24934220MARICA         RJUNIAO UMB DOS CULTOS AFRO BRAS    28021810 000002
10231987175000168817800093673    00007034                     000070340000000000000109                     I017034      28021800000000035003410000017N271217050900000000000102802180000000000000000000000000000000000000000100085339695700DAYSE DE ALMEIDA SOARES                 O MESMO                                 O MESMO     22750054RIO DE JANEIRO RJUNIAO UMB DOS CULTOS AFRO BRAS    28021810 000003
10231987175000168817800093673    00007033                     000070330000000000000109                     I017033      28021800000000035003410000017N271217050900000000000102802180000000000000000000000000000000000000000100043719791734MARIA DA CONCEICAO BORGES               RUA DO GOVERNO, 222 CASA 10             REALENGO - R21770100RIO DE JANEIRO RJUNIAO UMB DOS CULTOS AFRO BRAS    28021810 000004
10231987175000168817800093673    00007032                     000070320000000000000109                     I017032      28021800000000035003410000017N271217050900000000000102802180000000000000000000000000000000000000000100072386296700FERNANDO LOPES NARCISO                  RUA IPINAMBES, 196                      TAQUARA - JA22730210RIO DE JANEIRO RJUNIAO UMB DOS CULTOS AFRO BRAS    28021810 000005
10231987175000168817800093673    00006827                     000068270000000000000109                     I016827      28021800000000035003410000017N271217050900000000000102802180000000000000000000000000000000000000000100047783877753RAIMUNDO NONATO VALENCA RIBEIR          AVENIDA PREFEITO BRAULINO DE MATOS REIS,COPACABANA -25060440DUQUE DE CAXIASRJUNIAO UMB DOS CULTOS AFRO BRAS    28021810 000006
10231987175000168817800093673    00006826                     000068260000000000000109                     I016826      28021800000000035003410000017N271217050900000000000102802180000000000000000000000000000000000000000100068648006791SANDRA MARTA GOMES DA COSTA             RUA LAGUNA, 678                         VILAR NOVO -26115620BELFORD ROXO   RJUNIAO UMB DOS CULTOS AFRO BRAS    28021810 000007
10231987175000168817800093673    00006825                     000068250000000000000109                     I016825      28021800000000035003410000017N271217050900000000000102802180000000000000000000000000000000000000000100080756832772LUIS CLAUDIO BARCELOS                   RUA CARLOS TINOCO  CAMINHO DA BICA  376 BARRA DE GUA23020280RIO DE JANEIRO RJUNIAO UMB DOS CULTOS AFRO BRAS    28021810 000008
10231987175000168817800093673    00006824                     000068240000000000000109                     I016824      28021800000000035003410000017N271217050900000000000102802180000000000000000000000000000000000000000100008560350764EMANUELE DE FARIA CARVALHO DOS          RUA FLORESTA DO SUL, 33                 GUARATIBA - 23028512RIO DE JANEIRO RJUNIAO UMB DOS CULTOS AFRO BRAS    28021810 000009
10231987175000168817800093673    00006823                     000068230000000000000109                     I016823      28021800000000035003410000017N271217050900000000000102802180000000000000000000000000000000000000000100002402869798LEONARDO BEZERRA XAVIER                 RUA GODOFREDO SILVA, 121                PENHA CIRCUL21221020RIO DE JANEIRO RJUNIAO UMB DOS CULTOS AFRO BRAS    28021810 000010
10231987175000168817800093673    00006822                     000068220000000000000109                     I016822      28021800000000035003410000017N271217050900000000000102802180000000000000000000000000000000000000000100039561607549MARIA NEUZA RODRIGUES                   RUA PEDRAS PRECIOSAS, 81 - MONTE SINAI  PACIENCIA - 23587610RIO DE JANEIRO RJUNIAO UMB DOS CULTOS AFRO BRAS    28021810 000011
10231987175000168817800093673    00006821                     000068210000000000000109                     I016821      28021800000000035003410000017N271217050900000000000102802180000000000000000000000000000000000000000100060158751787CARLOS ALEXANDRE PEREIRA E SOU          RUA BEMPOSTA, S/N CASA 2 LOTE 67 - TAQUABOIUNA - JAC22723320RIO DE JANEIRO RJUNIAO UMB DOS CULTOS AFRO BRAS    28021810 000012
10231987175000168817800093673    00006819                     000068190000000000000109                     I016819      28021800000000035003410000017N271217050900000000000102802180000000000000000000000000000000000000000100014213950700AYSLAN BARBOSA GUEDES                   RUA MAJOR MARIO SALGUEIRO, 608 CASA 1   BELVEDERE -B27113070BARRA DO PIRAI RJUNIAO UMB DOS CULTOS AFRO BRAS    28021810 000013
10231987175000168817800093673    00006817                     000068170000000000000109                     I016817      28021800000000035003410000017N271217050900000000000102802180000000000000000000000000000000000000000100063164256787ALICE FRANCISCO LOPES                   RUA JORNALISTA PINHEIRO LEMOS, 296      COSTA BARROS21650200RIO DE JANEIRO RJUNIAO UMB DOS CULTOS AFRO BRAS    28021810 000014
10231987175000168817800093673    00006816                     000068160000000000000109                     I016816      28021800000000035003410000017N271217050900000000000102802180000000000000000000000000000000000000000100005755429779ALEX CIPRIANO CARVALHO BARRETO          RUA CARLOS CHAMBELLAND, 300 APTO 101    VILA DA PENH21210090RIO DE JANEIRO RJUNIAO UMB DOS CULTOS AFRO BRAS    28021810 000015
10231987175000168817800093673    00006815                     000068150000000000000109                     I016815      28021800000000035003410000017N271217050900000000000102802180000000000000000000000000000000000000000100094443211772SANDRA LEILA ANACLETO SIQUEIRA          RUA RAUL VEIGA, 315                     QUITANDINHA 25635110PETROPOLIS     RJUNIAO UMB DOS CULTOS AFRO BRAS    28021810 000016
10231987175000168817800093673    00006792                     000067920000000000000109                     I016792      28021800000000035003410000017N271217050900000000000102802180000000000000000000000000000000000000000100007057227752EDMAR ADAO                              RUA: ECLIPSE LOTE 7 QUADRA 7 - GUANDU   JAPERI - RJ 26420000JAPERI         RJUNIAO UMB DOS CULTOS AFRO BRAS    28021810 000017
10231987175000168817800093673    00006791                     000067910000000000000109                     I016791      28021800000000035003410000017N271217050900000000000102802180000000000000000000000000000000000000000100000921417130IVANILDA MARIA DE OLIVEIRA              O MESMO                                 O MESMO     26420150JAPERI         RJUNIAO UMB DOS CULTOS AFRO BRAS    28021810 000018
10231987175000168817800093673    00006790                     000067900000000000000109                     I016790      28021800000000035003410000017N271217050900000000000102802180000000000000000000000000000000000000000100004460142732CRISTIANO ARAUJO DE OLIVEIRA            R: SERIDO LT 20 QD 16/CABUCU/N.IGUACU RJO MESMO     26291482NOVA IGUACU    RJUNIAO UMB DOS CULTOS AFRO BRAS    28021810 000019
10231987175000168817800093673    00006789                     000067890000000000000109                     I016789      28021800000000035003410000017N271217050900000000000102802180000000000000000000000000000000000000000100092952364753ROSANGELA SILVA SOUZA                   RUA TAMOIOS N 144                       CENTRO - NIL26520250NILOPOLIS      RJUNIAO UMB DOS CULTOS AFRO BRAS    28021810 000020
10231987175000168817800093673    00006787                     000067870000000000000109                     I016787      28021800000000035003410000017N271217050900000000000102802180000000000000000000000000000000000000000100001248895738JUSSARA SILVEIRA LOPES DA FONS          RUA SAQUAREMA, 1433                     SANTO ALEIXO25914000MAGE           RJUNIAO UMB DOS CULTOS AFRO BRAS    28021810 000021
10231987175000168817800093673    00006786                     000067860000000000000109                     I016786      28021800000000035003410000017N271217050900000000000102802180000000000000000000000000000000000000000100072461780749FATIMA GARCIA                           RODOVIA 116 KM 3,5 LT 31 QD 2 SAMBAETIBAITABORAI - R24843000RIO DE JANEIRO RJUNIAO UMB DOS CULTOS AFRO BRAS    28021810 000022
10231987175000168817800093673    00006585                     000065850000000000000109                     I016585      28021800000000035003410000017N271217050900000000000102802180000000000000000000000000000000000000000100007702380764MARIA DO ROSARIO REZENDE                RUA ALCINO GUANABARA, 281               CENTRO - GUA25940000GUAPIMIRIM     RJUNIAO UMB DOS CULTOS AFRO BRAS    28021810 000023
10231987175000168817800093673    00006584                     000065840000000000000109                     I016584      28021800000000035003410000017N271217050900000000000102802180000000000000000000000000000000000000000100004462221788ALEXANDRO JULIO DE SOUZA                RUA CORURIPE, 410                       MARECHAL HER21555490RIO DE JANEIRO RJUNIAO UMB DOS CULTOS AFRO BRAS    28021810 000024
10231987175000168817800093673    00006665                     000066650000000000000109                     I016665      28021800000000035003410000017N271217050900000000000102802180000000000000000000000000000000000000000100008664578756ATILA LARRICE GALDINO                   RUA MINERVINA NUNES DA COSTA, 238 FUNDOSPARQUE ANCHI21635350RIO DE JANEIRO RJUNIAO UMB DOS CULTOS AFRO BRAS    28021810 000025
10231987175000168817800093673    00006582                     000065820000000000000109                     I026582      28021800000000035003410000017N271217050900000000000102802180000000000000000000000000000000000000000100091228239720MIRIAN DA SILVA PEREIRA                 RUA  NORDESTE  40   JARDIM PARAISO 2    NOVA IGUACU 26000000RIO DE JANEIRO RJUNIAO UMB DOS CULTOS AFRO BRAS    28021810 000026
10231987175000168817800093673    00006581                     000065810000000000000109                     I016581      28021800000000035003410000017N271217050900000000000102802180000000000000000000000000000000000000000100096266031787CARLA DE FRANCA                         RUA REGINA, 15 B QUADRA F               PARQUE SUECI26187110BELFORD ROXO   RJUNIAO UMB DOS CULTOS AFRO BRAS    28021810 000027
10231987175000168817800093673    00006580                     000065800000000000000109                     I016580      28021800000000035003410000017N271217050900000000000102802180000000000000000000000000000000000000000100003019825709BARBARA CRISPINIANO SIMOES CUN          RUA DOUTOR MARIO VALADARES, 568         CENTRO - NIL26535338NILOPOLIS      RJUNIAO UMB DOS CULTOS AFRO BRAS    28021810 000028
10231987175000168817800093673    00006579                     000065790000000000000109                     I016579      28021800000000035003410000017N271217050900000000000102802180000000000000000000000000000000000000000100037551868704NAKAYRA DA MOTTA LOBO                   RUA DOUTOR ARTUR MARTINS, 182           MUTUA - SAO 24460350SAO GONCALO    RJUNIAO UMB DOS CULTOS AFRO BRAS    28021810 000029
10231987175000168817800093673    00006578                     000065780000000000000109                     I016578      28021800000000035003410000017N271217050900000000000102802180000000000000000000000000000000000000000100021973989700NILZA ARAGUEZ                           RUA PAJURA, 117 BLOCO 2 APTO 106        TAQUARA - RI22740210RIO DE JANEIRO RJUNIAO UMB DOS CULTOS AFRO BRAS    28021810 000030
10231987175000168817800093673    00006576                     000065760000000000000109                     I016576      28021800000000035003410000017N271217050900000000000102802180000000000000000000000000000000000000000100065096100782TANIA REGINA FIRMINO                    RUA PARA, 13                            PILAR - DUQU25233060DUQUE DE CAXIASRJUNIAO UMB DOS CULTOS AFRO BRAS    28021810 000031
10231987175000168817800093673    00006572                     000065720000000000000109                     I016572      28021800000000035003410000017N271217050900000000000102802180000000000000000000000000000000000000000100000218582765LUIZ CARLOS DO AMARAL                   RUA TRIMONTE QUADRA 9 LOTE 44           PARQUE BOM R25223820DUQUE DE CAXIASRJUNIAO UMB DOS CULTOS AFRO BRAS    28021810 000032
10231987175000168817800093673    00006573                     000065730000000000000109                     I016573      28021800000000035003410000017N271217050900000000000102802180000000000000000000000000000000000000000100002134169729ALEXANDRE DE ALMEIDA                    RUA SERITINGA, 105 BLOCO 5 APTO 108 FUNDBRAS DE PINA21215480RIO DE JANEIRO RJUNIAO UMB DOS CULTOS AFRO BRAS    28021810 000033
10231987175000168817800093673    00006574                     000065740000000000000109                     I016574      28021800000000035003410000017N271217050900000000000102802180000000000000000000000000000000000000000100027788199753FABIO FERNANDES DE SOUZA                ESTRADA DE SAO FRANCISCO N 1585         SAO FRANCISC25900000MAGE           RJUNIAO UMB DOS CULTOS AFRO BRAS    28021810 000034
10231987175000168817800093673    00006571                     000065710000000000000109                     I016571      28021800000000035003410000017N271217050900000000000102802180000000000000000000000000000000000000000100096270500753REINALDO MONTEIRO                       RUA: PINTO GOMES N 253 APT 305          OSWALDO CRUZ21341010RIO DE JANEIRO RJUNIAO UMB DOS CULTOS AFRO BRAS    28021810 000035
10231987175000168817800093673    00006570                     000065700000000000000109                     I016570      28021800000000035003410000017N271217050900000000000102802180000000000000000000000000000000000000000100067293816715SCHEYLA ARNALDO                         RUA JOSE SOMBRA N 260 BLOCO C APT 202   IRAJA - RIO 21230240RIO DE JANEIRO RJUNIAO UMB DOS CULTOS AFRO BRAS    28021810 000036
10231987175000168817800093673    00006569                     000065690000000000000109                     I016569      28021800000000035003410000017N271217050900000000000102802180000000000000000000000000000000000000000100011741673780BRUNO SANTOS CARDOSO                    RUA CARTIER                             DUQUE DE CAX25212100DUQUE DE CAXIASRJUNIAO UMB DOS CULTOS AFRO BRAS    28021810 000037
10231987175000168817800093673    00006568                     000065680000000000000109                     I016568      28021800000000035003410000017N271217050900000000000102802180000000000000000000000000000000000000000100058657231700IMPERALINA OLIVEIRA COSTA               AVENIDA MIGUEL COUTO N 75               PARQUE LAFAI25025505DUQUE DE CAXIASRJUNIAO UMB DOS CULTOS AFRO BRAS    28021810 000038
10231987175000168817800093673    00006567                     000065670000000000000109                     I016567      28021800000000035003410000017N271217050900000000000102802180000000000000000000000000000000000000000100007703254734ROBERTO DOS SANTOS CARVALHO             RUA PARA LOTE 12 QUADRA 11              SARACURUNA -25225000DUQUE DE CAXIASRJUNIAO UMB DOS CULTOS AFRO BRAS    28021810 000039
10231987175000168817800093673    00006532                     000065320000000000000109                     I016532      28021800000000035003410000017N271217050900000000000102802180000000000000000000000000000000000000000100048507458734MARCOS DE OLIVEIRA ROSA                 RUA CALDAS NOVAS N 135                  VILA ZULMIRA25540530SAO JOAO DE MERRJUNIAO UMB DOS CULTOS AFRO BRAS    28021810 000040
10231987175000168817800093673    00006531                     000065310000000000000109                     I016531      28021800000000035003410000017N271217050900000000000102802180000000000000000000000000000000000000000100054504430720ISABELA BARBOSA LIMA DA SILVA           RUA SOUSA BARROS N 106 A FUNDOS         ENGENHO NOVO20961150RIO DE JANEIRO RJUNIAO UMB DOS CULTOS AFRO BRAS    28021810 000041
10231987175000168817800093673    00006530                     000065300000000000000109                     I016530      28021800000000035003410000017N271217050900000000000102802180000000000000000000000000000000000000000100008013752747GIVANILDO MENDES LAGOA                  RUA DOS CORAIS LOTE 19 QUADRA 46 CASA 3 PIRATININGA 24320358NITEROI        RJUNIAO UMB DOS CULTOS AFRO BRAS    28021810 000042
10231987175000168817800093673    00006529                     000065290000000000000109                     I016529      28021800000000035003410000017N271217050900000000000102802180000000000000000000000000000000000000000100004121499743ELENICE FIGUEIREDO DA SILVA             O MESMO                                 O MESMO     24230210NITEROI        RJUNIAO UMB DOS CULTOS AFRO BRAS    28021810 000043
10231987175000168817800093673    00006503                     000065030000000000000109                     I016503      28021800000000035003410000017N271217050900000000000102802180000000000000000000000000000000000000000100043194869787JORGE PINHEIRO DE ALMEIDA               RUA CERQUEIRA CESAR N 121 CASA 1        MADUREIRA - 21351070RIO DE JANEIRO RJUNIAO UMB DOS CULTOS AFRO BRAS    28021810 000044
10231987175000168817800093673    00006502                     000065020000000000000109                     I016502      28021800000000035003410000017N271217050900000000000102802180000000000000000000000000000000000000000100000907631738IDA ANGELICA PEREIRA CALDAS             RUA SILVEIRA LOBO N 43                  CACHAMBI - R20780310RIO DE JANEIRO RJUNIAO UMB DOS CULTOS AFRO BRAS    28021810 000045
10231987175000168817800093673    00006501                     000065010000000000000109                     I016501      28021800000000035003410000017N271217050900000000000102802180000000000000000000000000000000000000000100074789600734SOLANGE MARTINS                         RUA ITAJIBA N 889                       COSMOS - RIO23060450RIO DE JANEIRO RJUNIAO UMB DOS CULTOS AFRO BRAS    28021810 000046
10231987175000168817800093673    00006500                     000065000000000000000109                     I016500      28021800000000035003410000017N271217050900000000000102802180000000000000000000000000000000000000000100086506439734DULCILENE EDUARDO                       RUA NOSSA SENHORA DA GUIA N 45          PIABETA - MA25931686MAGE           RJUNIAO UMB DOS CULTOS AFRO BRAS    28021810 000047
10231987175000168817800093673    00006473                     000064730000000000000109                     I016473      28021800000000035003410000017N271217050900000000000102802180000000000000000000000000000000000000000100055224644704VALERIA DOS SANTOS NEVES                RUA FRANCISCA ZIEZE, 71                 PILARES - RI20750040RIO DE JANEIRIORJUNIAO UMB DOS CULTOS AFRO BRAS    28021810 000048
10231987175000168817800093673    00006472                     000064720000000000000109                     I016472      28021800000000035003410000017N271217050900000000000102802180000000000000000000000000000000000000000100055365795768YEDA BARROS DE AZEVEDO                  RUA SESSENTA E NOVE QUADRA, 332 LOTE 43 JARDIM ATLAN24910000MARICA         RJUNIAO UMB DOS CULTOS AFRO BRAS    28021810 000049
10231987175000168817800093673    00006471                     000064710000000000000109                     I016471      28021800000000035003410000017N271217050900000000000102802180000000000000000000000000000000000000000100068567855772ZAILDA MASCARENHAS DOS SANTOS           RUA FRANCISCO ANTONIO NASCIMENTO, 57    MIGUEL COUTO26070467RIO DE JANEIRO RJUNIAO UMB DOS CULTOS AFRO BRAS    28021810 000050
10231987175000168817800093673    00006417                     000064170000000000000109                     I016417      28021800000000035003410000017N271217050900000000000102802180000000000000000000000000000000000000000100067023711791EURIDES DOS SANTOS                      RUA CORONEL ALBERTO DE MELO, 47 CASA 1  AREIA BRANCA26112370BELFORD ROXO   RJUNIAO UMB DOS CULTOS AFRO BRAS    28021810 000051
10231987175000168817800093673    00006342                     000063420000000000000109                     I016342      28021800000000035003410000017N271217050900000000000102802180000000000000000000000000000000000000000100096094702700NERTAN SIGWARD RODRIGUES                RUA BARAO DE VARGEM ALEGRE, 50          VARGEM ALEGR27155000BARRA DO PIRAI RJUNIAO UMB DOS CULTOS AFRO BRAS    28021810 000052
10231987175000168817800093673    00006344                     000063440000000000000109                     I016344      28021800000000035003410000017N271217050900000000000102802180000000000000000000000000000000000000000100007201140710MARIA DE FATIMA DE OLIVEIRA SI          RUA MUTIRAO, 384                        SANTO AGOSTI27291110VOLTA REDONDA  RJUNIAO UMB DOS CULTOS AFRO BRAS    28021810 000053
10231987175000168817800093673    00006343                     000063430000000000000109                     I016343      28021800000000035003410000017N271217050900000000000102802180000000000000000000000000000000000000000100000633058793ROSA MARIA SILVA RIBEIRO                RUA DOM BOSCO, 118                      EUCALIPTAL -27263050VOLTA REDONDA  RJUNIAO UMB DOS CULTOS AFRO BRAS    28021810 000054
10231987175000168817800093673    00006401                     000064010000000000000109                     I016401      28021800000000035003410000017N271217050900000000000102802180000000000000000000000000000000000000000100004471243748MARIA IEDA DE ALMEIDA DA SILVA          PRACA JOAO CAETANO, 23 LOTE 23 QUADRA 4 LAUREANO - D25065240DUQUE DE CAXIASRJUNIAO UMB DOS CULTOS AFRO BRAS    28021810 000055
10231987175000168817800093673    00006887                     000068870000000000000109                     I016887      28021800000000035003410000017N271217050900000000000102802180000000000000000000000000000000000000000100000377539759WELLINGTON LUIS RODRIGUES               RUA ARGENTINA REIS, 80 FUNDOS           QUINTINO BOC20740040RIO DE JANEIRO RJUNIAO UMB DOS CULTOS AFRO BRAS    28021810 000056
10231987175000168817800093673    00006420                     000064200000000000000109                     I016420      28021800000000035003410000017N271217050900000000000102802180000000000000000000000000000000000000000100082059403715SANDRA HELENA VILLAMOR MONTASS          RUA ARGOS, 693                          GUADALUPE   21660050RIO DE JANEIRO RJUNIAO UMB DOS CULTOS AFRO BRAS    28021810 000057
10231987175000168817800093673    00006422                     000064220000000000000109                     I016422      28021800000000035003410000017N271217050900000000000102802180000000000000000000000000000000000000000100005415694730ALEX SANDRO DA SILVA BANDEIRA           RUA PAULO ROBERTO, 6                    PRAIA DE MAU25900000MAGE           RJUNIAO UMB DOS CULTOS AFRO BRAS    28021810 000058
10231987175000168817800093673    00006421                     000064210000000000000109                     I016421      28021800000000035003410000017N271217050900000000000102802180000000000000000000000000000000000000000100013909038778MARIA DO CARMO SILVA DE MOURA           RUA SAO CARLOS, 75                      ESTACIO - RI20250052RIO DE JANEIRO RJUNIAO UMB DOS CULTOS AFRO BRAS    28021810 000059
10231987175000168817800093673    00006409                     000064090000000000000109                     I016409      28021800000000035003410000017N271217050900000000000102802180000000000000000000000000000000000000000100097226165791CELSO MATTOS FERREIRA                   RUA SETENTA E UM, LOTE 1 QUADRA 86      CAMPO GRANDE23097535RIO DE JANEIRO RJUNIAO UMB DOS CULTOS AFRO BRAS    28021810 000060
10231987175000168817800093673    00006408                     000064080000000000000109                     I016408      28021800000000035003410000017N271217050900000000000102802180000000000000000000000000000000000000000100075750384772VERA LUCIA BORGES NAZARETH              RUA DA CAPITAL, 430                     MAUA - SAO F25930000MAGE           RJUNIAO UMB DOS CULTOS AFRO BRAS    28021810 000061
10231987175000168817800093673    00006407                     000064070000000000000109                     I016407      28021800000000040003410000017N271217050900000000000102802180000000000000000000000000000000000000000100075531585772ROSANGELA PAULINA RODRIGUES             ESTRADA: DA GUARITA N 1581              CARMARI - NO26040010NOVA IGUACU    RJUNIAO UMB DOS CULTOS AFRO BRAS    28021810 000062
10231987175000168817800093673    00006405                     000064050000000000000109                     I016405      28021800000000035003410000017N271217050900000000000102802180000000000000000000000000000000000000000100088504794768FATIMA MARIA DE OLIVEIRA                RUA TELMA, 22                           CABUCU - JAR26291266NOVA IGUACU    RJUNIAO UMB DOS CULTOS AFRO BRAS    28021810 000063
10231987175000168817800093673    00006406                     000064060000000000000109                     I016406      28021800000000035003410000017N271217050900000000000102802180000000000000000000000000000000000000000100064431002715SERGIO MURILO ALVES PEREIRA             RUA ROCHA, LOTE 4 QUADRA 4 CASA 2       JARDIM BONIF25565161SAO JOAO DE MERRJUNIAO UMB DOS CULTOS AFRO BRAS    28021810 000064
10231987175000168817800093673    00006404                     000064040000000000000109                     I016404      28021800000000035003410000017N271217050900000000000102802180000000000000000000000000000000000000000100025969153753MARIA EUNICE FRUCTUOSO MIGUEL           RUA: VIRGEM PEREGRINA Nº 81            PIEDADE - RI21381070RIO DE JANEIRO RJUNIAO UMB DOS CULTOS AFRO BRAS    28021810 000065
10231987175000168817800093673    00006402                     000064020000000000000109                     I016402      28021800000000025003410000017N271217050900000000000102802180000000000000000000000000000000000000000100052329160363NENI GOMES DE ALMEIDA                   RUA MARIA SANTANA FERNANDES, LOTE 8 QUADJARDIM ACACI23845250SEROPEDICA     RJUNIAO UMB DOS CULTOS AFRO BRAS    28021810 000066
10231987175000168817800093673    00006334                     000063340000000000000109                     I016334      28021800000000035003410000017N271217050900000000000102802180000000000000000000000000000000000000000100002065913738ROBSON DE FARIA TORRES                  RUA CAPITAO AROLDO LEITAO Nº 54 FUNDOS OLARIA - RJ 21071050RIO DE JANEIRO RJUNIAO UMB DOS CULTOS AFRO BRAS    28021810 000067
10231987175000168817800093673    00006333                     000063330000000000000109                     I016333      28021800000000035003410000017N271217050900000000000102802180000000000000000000000000000000000000000100049170872791SONIA REGINA BARBOSA CAVATO             AVENIDA: SCHULTZ WENK Nº 183           CORDOVIL - R21012155RIO DE JANEIRO RJUNIAO UMB DOS CULTOS AFRO BRAS    28021810 000068
10231987175000168817800093673    00006332                     000063320000000000000109                     I016332      28021800000000035003410000017N271217050900000000000102802180000000000000000000000000000000000000000100067461000706NOELIA NOEMIA FERREIRA PILAO            AV. EUCLIDES DA CUNHA N° 100 A         V. SAO JOAO 22790702RIO DE JANEIRO RJUNIAO UMB DOS CULTOS AFRO BRAS    28021810 000069
10231987175000168817800093673    00006331                     000063310000000000000109                     I016331      28021800000000035003410000017N271217050900000000000102802180000000000000000000000000000000000000000100008763637707JUSSARA SILVA DE ALBUQUERQUE            RUA: ARGOS Nº 281 FUNDOS - GUADALUPE   RIO DE JANEI21660050RIO DE JANEIRO RJUNIAO UMB DOS CULTOS AFRO BRAS    28021810 000070
10231987175000168817800093673    00006329                     000063290000000000000109                     I016329      28021800000000035003410000017N271217050900000000000102802180000000000000000000000000000000000000000100003341741738CASSIA GOMES CASTORINO                  RUA: COMENDADOR CRISOSTEMO CRUZ LOTE 13 STª MARIA -26165400BELFORD ROXO   RJUNIAO UMB DOS CULTOS AFRO BRAS    28021810 000071
9                                                                                                                                                                                                                                                                                                                                                                                                         000072
