01REMESSA01COBRANCA       916200163100        União Umb dos Cultos Afro Bra341BANCO ITAU SA  250319                                                                                                                                                                                                                                                                                                      000001
10231987175000168916200163100    000044891                    000448910000000000000109                     I0144891     10041900000000350003410000017N250319104700000000000101004190000000000000000000000000000000000000000100001206849770EUGENIO ALBERTO DA SILVA LOPES          RUA COMENDADOR BASTOSN 526, BANANAL     FREGUESIA - 21911020RIO DE JANEIRO RJUNIAO UMB DOS CULTOS AFRO BRAS    10041910 000002
10231987175000168916200163100    000044890                    000448900000000000000109                     I0144890     01041900000000040003410000017N250319104700000000000100104190000000000000000000000000000000000000000100007804875754EVANDRO MEDEIROS DE OLIVEIRA            RUA: SESSENTA E QUATRON 0, LOTE 40 QUADRJARDIM ATLAN24934045MARICA         RJUNIAO UMB DOS CULTOS AFRO BRAS    01041910 000003
10231987175000168916200163100    000044889                    000448890000000000000109                     I0144889     29031900000000400003410000017N250319104700000000000102903190000000000000000000000000000000000000000100054447445700THEREZA SARAIVA BRAGANCA                RUA: PORTO WALTERN 17, FUNDOS           PIEDADE     21380440RIO DE JANEIRO RJUNIAO UMB DOS CULTOS AFRO BRAS    29031910 000004
10231987175000168916200163100    000044883                    000448830000000000000109                     I0144883     28061900000000040003410000017N250319104700000000000102806190000000000000000000000000000000000000000100060442069715NEIDE MARIA DA CONCEICAO BOAVE          RUA SOLDADO VALDEMAR DE ALMEIDAN 28,    CAMPO GRANDE23042100RIO DE JANEIRO RJUNIAO UMB DOS CULTOS AFRO BRAS    28061910 000005
10231987175000168916200163100    000044882                    000448820000000000000109                     I0144882     30051900000000040003410000017N250319104700000000000103005190000000000000000000000000000000000000000100060442069715NEIDE MARIA DA CONCEICAO BOAVE          RUA SOLDADO VALDEMAR DE ALMEIDAN 28,    CAMPO GRANDE23042100RIO DE JANEIRO RJUNIAO UMB DOS CULTOS AFRO BRAS    30051910 000006
10231987175000168916200163100    000044881                    000448810000000000000109                     I0144881     30041900000000040003410000017N250319104700000000000103004190000000000000000000000000000000000000000100060442069715NEIDE MARIA DA CONCEICAO BOAVE          RUA SOLDADO VALDEMAR DE ALMEIDAN 28,    CAMPO GRANDE23042100RIO DE JANEIRO RJUNIAO UMB DOS CULTOS AFRO BRAS    30041910 000007
10231987175000168916200163100    000044880                    000448800000000000000109                     I0144880     31031900000000120003410000017N250319104700000000000103103190000000000000000000000000000000000000000100012106775717VITOR GABRIEL CARVALHO DE FIGU          RUA GENERAL BELFORDN 295, CASA 12       ROCHA       20961000RIO DE JANEIRO RJUNIAO UMB DOS CULTOS AFRO BRAS    31031910 000008
10231987175000168916200163100    000044879                    000448790000000000000109                     I0144879     29031900000000160003410000017N250319104700000000000102903190000000000000000000000000000000000000000100099447690700CARLA LESSA QUINTANILHA VASCON          RUA: BORBOREMAN 103, CASA 201           MADUREIRA   21360150RIO DE JANEIRO RJUNIAO UMB DOS CULTOS AFRO BRAS    29031910 000009
10231987175000168916200163100    000044878                    000448780000000000000109                     I0144878     27031900000000120003410000017N250319104700000000000102703190000000000000000000000000000000000000000100010426625765ALESSANDRA LAURIANO LIMA DOMIN          RUA PROJETADAN 4,                       ANCORA      28899515RIO DAS OSTRAS RJUNIAO UMB DOS CULTOS AFRO BRAS    27031910 000010
10231987175000168916200163100    000044877                    000448770000000000000109                     I0144877     30061900000000040003410000017N220319104700000000000103006190000000000000000000000000000000000000000100007541296759NELMA DOS ANJOS SOUZA GONCALVE          ESTRADA PEDRINHASN 23, QUADRA 8         VENDA VELHA 25580660SAO JOAO DE MERRJUNIAO UMB DOS CULTOS AFRO BRAS    30061910 000011
10231987175000168916200163100    000044876                    000448760000000000000109                     I0144876     30051900000000040003410000017N220319104700000000000103005190000000000000000000000000000000000000000100007541296759NELMA DOS ANJOS SOUZA GONCALVE          ESTRADA PEDRINHASN 23, QUADRA 8         VENDA VELHA 25580660SAO JOAO DE MERRJUNIAO UMB DOS CULTOS AFRO BRAS    30051910 000012
10231987175000168916200163100    000044875                    000448750000000000000109                     I0144875     30041900000000040003410000017N220319104700000000000103004190000000000000000000000000000000000000000100007541296759NELMA DOS ANJOS SOUZA GONCALVE          ESTRADA PEDRINHASN 23, QUADRA 8         VENDA VELHA 25580660SAO JOAO DE MERRJUNIAO UMB DOS CULTOS AFRO BRAS    30041910 000013
10231987175000168916200163100    000044874                    000448740000000000000109                     I0144874     10041900000000660003410000017N220319104700000000000101004190000000000000000000000000000000000000000100005744506705SANDRA REGINA DE OLIVEIRA               RUA MARCIA COSTA N 924,                 JARDIM NOVA 26271160NOVA IGUACU    RJUNIAO UMB DOS CULTOS AFRO BRAS    10041910 000014
10231987175000168916200163100    000044785                    000447850000000000000109                     I0244785     30061900000000040003410000017N130319104700000000000103006190000000000000000000000000000000000000000100060442069715NEIDE MARIA DA CONCEICAO BOAVE          RUA SOLDADO VALDEMAR DE ALMEIDAN 28,    CAMPO GRANDE23042100RIO DE JANEIRO RJUNIAO UMB DOS CULTOS AFRO BRAS    30061910 000015
10231987175000168916200163100    000044525                    000445250000000000000109                     I0244525     30061900000000040003410000017N130319104700000000000103006190000000000000000000000000000000000000000100056381832720DAVI LEMOS MOREIRA                      RUA CARLINDA N 250, TRIANGULO           VILA DE CAVA26052120NOVA IGUACU    RJUNIAO UMB DOS CULTOS AFRO BRAS    30061910 000016
10231987175000168916200163100    000044055                    000440550000000000000109                     I0244055     30061900000000040003410000017N130319104700000000000103006190000000000000000000000000000000000000000100086450328304ANA MARIA SOUZA MACIEL                  RUA DOUTOR ANTONIO LEALN 42,            HONORIO GURG21511070RIO DE JANEIRO RJUNIAO UMB DOS CULTOS AFRO BRAS    30061910 000017
10231987175000168916200163100    000044029                    000440290000000000000109                     I0244029     30061900000000040003410000017N130319104700000000000103006190000000000000000000000000000000000000000100088966330797ZENIRA DE CARVALHO CONCEICAO            AVENIDA ALMIRANTE AMORIM DO VALEN 25, QUMARAMBAIA   24724560SAO GONCALO    RJUNIAO UMB DOS CULTOS AFRO BRAS    30061910 000018
10231987175000168916200163100    000043481                    000434810000000000000109                     I0243481     30061900000000040003410000017N130319104700000000000103006190000000000000000000000000000000000000000100062822900744FATIMA LUCRECIA DE CARVALHO CA          ESTRADA RIO DO PAU N 1195, GERALDO DA COANCHIETA    21645520RIO DE JANEIRO RJUNIAO UMB DOS CULTOS AFRO BRAS    30061910 000019
10231987175000168916200163100    000043338                    000433380000000000000109                     I0243338     30061900000000040003410000017N130319104700000000000103006190000000000000000000000000000000000000000100001650613750ELIZABETH CRISTIN DOS S. B. DA          RUA: GONDIM DA FONSECAN 36, APTº 103   PORTUGUESA -21931575RIO DE JANEIRO RJUNIAO UMB DOS CULTOS AFRO BRAS    30061910 000020
10231987175000168916200163100    000043203                    000432030000000000000109                     I0243203     30061900000000040003410000017N130319104700000000000103006190000000000000000000000000000000000000000100046674861715JORGE AILTON CORVINO DO NASCIM          RUA CLAUDINO BARATA N 122, FUNDOS  CASA REALENGO    21770200RIO DE JANEIRO RJUNIAO UMB DOS CULTOS AFRO BRAS    30061910 000021
10231987175000168916200163100    000043156                    000431560000000000000109                     I0243156     30061900000000040003410000017N130319104700000000000103006190000000000000000000000000000000000000000100068265280700SUELLEN DO NASCIMENTO OLIVEIRA          RUA CORONEL FRANCA LEITEN 450,          CHATUBA     26587111MESQUITA       RJUNIAO UMB DOS CULTOS AFRO BRAS    30061910 000022
10231987175000168916200163100    000043131                    000431310000000000000109                     I0243131     30051900000000040003410000017N130319104700000000000103005190000000000000000000000000000000000000000100060442069715NEIDE MARIA DA CONCEICAO BOAVE          RUA SOLDADO VALDEMAR DE ALMEIDAN 28,    CAMPO GRANDE23042100RIO DE JANEIRO RJUNIAO UMB DOS CULTOS AFRO BRAS    30051910 000023
10231987175000168916200163100    000042873                    000428730000000000000109                     I0242873     30051900000000040003410000017N130319104700000000000103005190000000000000000000000000000000000000000100056381832720DAVI LEMOS MOREIRA                      RUA CARLINDA N 250, TRIANGULO           VILA DE CAVA26052120NOVA IGUACU    RJUNIAO UMB DOS CULTOS AFRO BRAS    30051910 000024
10231987175000168916200163100    000042409                    000424090000000000000109                     I0242409     30051900000000040003410000017N130319104700000000000103005190000000000000000000000000000000000000000100086450328304ANA MARIA SOUZA MACIEL                  RUA DOUTOR ANTONIO LEALN 42,            HONORIO GURG21511070RIO DE JANEIRO RJUNIAO UMB DOS CULTOS AFRO BRAS    30051910 000025
10231987175000168916200163100    000042383                    000423830000000000000109                     I0242383     30051900000000040003410000017N130319104700000000000103005190000000000000000000000000000000000000000100088966330797ZENIRA DE CARVALHO CONCEICAO            AVENIDA ALMIRANTE AMORIM DO VALEN 25, QUMARAMBAIA   24724560SAO GONCALO    RJUNIAO UMB DOS CULTOS AFRO BRAS    30051910 000026
10231987175000168916200163100    000041838                    000418380000000000000109                     I0241838     30051900000000040003410000017N130319104700000000000103005190000000000000000000000000000000000000000100062822900744FATIMA LUCRECIA DE CARVALHO CA          ESTRADA RIO DO PAU N 1195, GERALDO DA COANCHIETA    21645520RIO DE JANEIRO RJUNIAO UMB DOS CULTOS AFRO BRAS    30051910 000027
10231987175000168916200163100    000041698                    000416980000000000000109                     I0241698     30051900000000040003410000017N130319104700000000000103005190000000000000000000000000000000000000000100001650613750ELIZABETH CRISTIN DOS S. B. DA          RUA: GONDIM DA FONSECAN 36, APTº 103   PORTUGUESA -21931575RIO DE JANEIRO RJUNIAO UMB DOS CULTOS AFRO BRAS    30051910 000028
10231987175000168916200163100    000041563                    000415630000000000000109                     I0241563     30051900000000040003410000017N130319104700000000000103005190000000000000000000000000000000000000000100046674861715JORGE AILTON CORVINO DO NASCIM          RUA CLAUDINO BARATA N 122, FUNDOS  CASA REALENGO    21770200RIO DE JANEIRO RJUNIAO UMB DOS CULTOS AFRO BRAS    30051910 000029
10231987175000168916200163100    000041517                    000415170000000000000109                     I0241517     30051900000000040003410000017N130319104700000000000103005190000000000000000000000000000000000000000100068265280700SUELLEN DO NASCIMENTO OLIVEIRA          RUA CORONEL FRANCA LEITEN 450,          CHATUBA     26587111MESQUITA       RJUNIAO UMB DOS CULTOS AFRO BRAS    30051910 000030
10231987175000168916200163100    000041489                    000414890000000000000109                     I0241489     30041900000000040003410000017N120319104700000000000103004190000000000000000000000000000000000000000100060442069715NEIDE MARIA DA CONCEICAO BOAVE          RUA SOLDADO VALDEMAR DE ALMEIDAN 28,    CAMPO GRANDE23042100RIO DE JANEIRO RJUNIAO UMB DOS CULTOS AFRO BRAS    30041910 000031
10231987175000168916200163100    000041232                    000412320000000000000109                     I0241232     30041900000000040003410000017N120319104700000000000103004190000000000000000000000000000000000000000100056381832720DAVI LEMOS MOREIRA                      RUA CARLINDA N 250, TRIANGULO           VILA DE CAVA26052120NOVA IGUACU    RJUNIAO UMB DOS CULTOS AFRO BRAS    30041910 000032
10231987175000168916200163100    000040772                    000407720000000000000109                     I0240772     30041900000000040003410000017N120319104700000000000103004190000000000000000000000000000000000000000100086450328304ANA MARIA SOUZA MACIEL                  RUA DOUTOR ANTONIO LEALN 42,            HONORIO GURG21511070RIO DE JANEIRO RJUNIAO UMB DOS CULTOS AFRO BRAS    30041910 000033
10231987175000168916200163100    000040746                    000407460000000000000109                     I0240746     30041900000000040003410000017N120319104700000000000103004190000000000000000000000000000000000000000100088966330797ZENIRA DE CARVALHO CONCEICAO            AVENIDA ALMIRANTE AMORIM DO VALEN 25, QUMARAMBAIA   24724560SAO GONCALO    RJUNIAO UMB DOS CULTOS AFRO BRAS    30041910 000034
10231987175000168916200163100    000040205                    000402050000000000000109                     I0240205     30041900000000040003410000017N120319104700000000000103004190000000000000000000000000000000000000000100062822900744FATIMA LUCRECIA DE CARVALHO CA          ESTRADA RIO DO PAU N 1195, GERALDO DA COANCHIETA    21645520RIO DE JANEIRO RJUNIAO UMB DOS CULTOS AFRO BRAS    30041910 000035
10231987175000168916200163100    000040066                    000400660000000000000109                     I0240066     30041900000000040003410000017N120319104700000000000103004190000000000000000000000000000000000000000100001650613750ELIZABETH CRISTIN DOS S. B. DA          RUA: GONDIM DA FONSECAN 36, APTº 103   PORTUGUESA -21931575RIO DE JANEIRO RJUNIAO UMB DOS CULTOS AFRO BRAS    30041910 000036
10231987175000168916200163100    000039932                    000399320000000000000109                     I0239932     30041900000000040003410000017N120319104700000000000103004190000000000000000000000000000000000000000100046674861715JORGE AILTON CORVINO DO NASCIM          RUA CLAUDINO BARATA N 122, FUNDOS  CASA REALENGO    21770200RIO DE JANEIRO RJUNIAO UMB DOS CULTOS AFRO BRAS    30041910 000037
10231987175000168916200163100    000039886                    000398860000000000000109                     I0239886     30041900000000040003410000017N120319104700000000000103004190000000000000000000000000000000000000000100068265280700SUELLEN DO NASCIMENTO OLIVEIRA          RUA CORONEL FRANCA LEITEN 450,          CHATUBA     26587111MESQUITA       RJUNIAO UMB DOS CULTOS AFRO BRAS    30041910 000038
10231987175000168916200163100    000039823                    000398230000000000000109                     I0239823     29031900000000300003410000017N200219104700000000000102903190000000000000000000000000000000000000000100028842723720HELENITA ANTONIA DE JESUS               RUA DIVINOLANDIAN 225, CASA 1           CAMPO GRANDE23066440RIO DE JANEIRO RJUNIAO UMB DOS CULTOS AFRO BRAS    29031910 000039
10231987175000168916200163100    000039714                    000397140000000000000109                     I0239714     28021900000000360003410000017N030219104700000000000102802190000000000000000000000000000000000000000100079034780791PAULO ROBERTO DE SOUZA MORENO           RUA CORONEL MALHAESN 0, LOTE 6 QUADRA 38TIRADENTES  26351180NOVA IGUACU    RJUNIAO UMB DOS CULTOS AFRO BRAS    28021910 000040
10231987175000168916200163100    000039622                    000396220000000000000109                     I0239622     31031900000000040003410000017N180119104700000000000103103190000000000000000000000000000000000000000100006957328708ANDRE VALERIO DELGADO GOIS E M          RUA TORRES HOMEM N 147, LOTE 17         JARDIM OLAVO25025380DUQUE DE CAXIASRJUNIAO UMB DOS CULTOS AFRO BRAS    31031910 000041
10231987175000168916200163100    000039621                    000396210000000000000109                     I0239621     28021900000000040003410000017N180119104700000000000102802190000000000000000000000000000000000000000100006957328708ANDRE VALERIO DELGADO GOIS E M          RUA TORRES HOMEM N 147, LOTE 17         JARDIM OLAVO25025380DUQUE DE CAXIASRJUNIAO UMB DOS CULTOS AFRO BRAS    28021910 000042
9                                                                                                                                                                                                                                                                                                                                                                                                         000043
