01REMESSA01COBRANCA       817800093673        UniÃ£o Umb dos Cultos Afro Bra341BANCO ITAU SA  020819                                                                                                                                                                                                                                                                                                      000001
10231987175000168817800093673    000053736                    000537360000000000000109                     I0153736     30081900000000250003410000017N020819105700000000000833008190000000000000000000000000000000000000000100008323642745ROSEMERI DE SOUZA COUTINHO              RUA VERA LUCIA N 0, LOTE 20 QUADRA 3    CABUCU      26291452NOVA IGUACU    RJUNIAO UMB DOS CULTOS AFRO BRAS    30081915 000002
21300820190000000000500                                                                                                                                                                                                                                                                                                                                                                                   000003
10231987175000168817800093673    000053735                    000537350000000000000109                     I0153735     30081900000000250003410000017N020819105700000000000833008190000000000000000000000000000000000000000100036139050782VIRGINIA DANTAS FERREIRA                RUA PROFESSOR ALPHEU PORTELLAN 127, CONDTAQUARA     22725130RIO DE JANEIRO RJUNIAO UMB DOS CULTOS AFRO BRAS    30081915 000004
21300820190000000000500                                                                                                                                                                                                                                                                                                                                                                                   000005
10231987175000168817800093673    000053734                    000537340000000000000109                     I0153734     30081900000000250003410000017N020819105700000000000833008190000000000000000000000000000000000000000100007202542722MIRLA SUSANI DA SILVA SALES             RUA: DOUTOR FREDERICON 395,             LAGOINHA    26296414NOVA IGUACU    RJUNIAO UMB DOS CULTOS AFRO BRAS    30081915 000006
21300820190000000000500                                                                                                                                                                                                                                                                                                                                                                                   000007
10231987175000168817800093673    000053733                    000537330000000000000109                     I0153733     30081900000000250003410000017N020819105700000000000833008190000000000000000000000000000000000000000100008283050800JOSE RICARDO DE MOURA                   RUA TENENTE SILVINON 204,               CERAMICA    26030126NOVA IGUACU    RJUNIAO UMB DOS CULTOS AFRO BRAS    30081915 000008
21300820190000000000500                                                                                                                                                                                                                                                                                                                                                                                   000009
10231987175000168817800093673    000053732                    000537320000000000000109                     I0153732     30081900000000250003410000017N020819105700000000000833008190000000000000000000000000000000000000000100075164779749IVANILDO FURTADO DA SILVA               RUA: LUIZ DE CASTRON 206, FUNDOS        PILARES     21760732RIO DE JANEIRO RJUNIAO UMB DOS CULTOS AFRO BRAS    30081915 000010
21300820190000000000500                                                                                                                                                                                                                                                                                                                                                                                   000011
10231987175000168817800093673    000053731                    000537310000000000000109                     I0153731     30081900000000250003410000017N020819105700000000000833008190000000000000000000000000000000000000000100015041746745ANAISE SOARES DO CARMO                  RUA JOSE FRANCISCO ALVESN 48,           SEPETIBA    23540120RIO DE JANEIRO RJUNIAO UMB DOS CULTOS AFRO BRAS    30081915 000012
21300820190000000000500                                                                                                                                                                                                                                                                                                                                                                                   000013
10231987175000168817800093673    000053730                    000537300000000000000109                     I0153730     30081900000000250003410000017N020819105700000000000833008190000000000000000000000000000000000000000100066645352700NILZA BELISARIO DAMIAO                  ESTRADA SANTA VERIDIANA N 1400, BLOCO 1 SANTA CRUZ  23525254RIO DE JANEIRO RJUNIAO UMB DOS CULTOS AFRO BRAS    30081915 000014
21300820190000000000500                                                                                                                                                                                                                                                                                                                                                                                   000015
10231987175000168817800093673    000053729                    000537290000000000000109                     I0153729     30081900000000250003410000017N020819105700000000000833008190000000000000000000000000000000000000000100053860225120OTILIA REGINA DE ALENCAR                RUA ITAPEMIRIMN 87,                     SANTA CRUZ  23550310RIO DE JANEIRO RJUNIAO UMB DOS CULTOS AFRO BRAS    30081915 000016
21300820190000000000500                                                                                                                                                                                                                                                                                                                                                                                   000017
10231987175000168817800093673    000053728                    000537280000000000000109                     I0153728     30081900000000250003410000017N020819105700000000000833008190000000000000000000000000000000000000000100010212584740TIAGO VEROL DE SOUZA                    ESTRADA: DO VIEGASN 28, CASA 4          SENADOR CAMA21832006RIO DE JANEIRO RJUNIAO UMB DOS CULTOS AFRO BRAS    30081915 000018
21300820190000000000500                                                                                                                                                                                                                                                                                                                                                                                   000019
10231987175000168817800093673    000053727                    000537270000000000000109                     I0153727     30081900000000250003410000017N020819105700000000000833008190000000000000000000000000000000000000000100009329422705FABIO SANTANA DE ANDRADE                RUA: GENERAL SILVEIRA SOBRINHON 452,    VILA DA PENH21221290RIO DE JANEIRO RJUNIAO UMB DOS CULTOS AFRO BRAS    30081915 000020
21300820190000000000500                                                                                                                                                                                                                                                                                                                                                                                   000021
10231987175000168817800093673    000053726                    000537260000000000000109                     I0153726     30081900000000250003410000017N020819105700000000000833008190000000000000000000000000000000000000000100009297297730FLAVIO JOAQUIM DOS SANTOS               RUA: SAO PAULON 0,                      PALMARES    23585800RIO DE JANEIRO RJUNIAO UMB DOS CULTOS AFRO BRAS    30081915 000022
21300820190000000000500                                                                                                                                                                                                                                                                                                                                                                                   000023
10231987175000168817800093673    000053725                    000537250000000000000109                     I0153725     30081900000000250003410000017N020819105700000000000833008190000000000000000000000000000000000000000100008283706721LEVY ANDRE ASSIS FERREIRA DA S          TRAVESSA SANTO ANTONIO N 462, CASA 2    MARECHAL HER21557190RIO DE JANEIRO RJUNIAO UMB DOS CULTOS AFRO BRAS    30081915 000024
21300820190000000000500                                                                                                                                                                                                                                                                                                                                                                                   000025
10231987175000168817800093673    000053724                    000537240000000000000109                     I0153724     30081900000000250003410000017N020819105700000000000833008190000000000000000000000000000000000000000100011709990775JOYCE MARA PINHEIRO DA SILVA            RUA SILVIO TIBIRICAN 507,               TURIACU     21540200RIO DE JANEIRO RJUNIAO UMB DOS CULTOS AFRO BRAS    30081915 000026
21300820190000000000500                                                                                                                                                                                                                                                                                                                                                                                   000027
10231987175000168817800093673    000053723                    000537230000000000000109                     I0153723     30081900000000250003410000017N020819105700000000000833008190000000000000000000000000000000000000000100005380679773ROBERTO DE OLIVEIRA RIBEIRO JU          RUA VINTE E TRESN 149, CASA 2 QUADRA 7  CONJUNTO CES23500000RIO DE JANEIRO RJUNIAO UMB DOS CULTOS AFRO BRAS    30081915 000028
21300820190000000000500                                                                                                                                                                                                                                                                                                                                                                                   000029
10231987175000168817800093673    000053722                    000537220000000000000109                     I0153722     30081900000000250003410000017N020819105700000000000833008190000000000000000000000000000000000000000100003256338780REGINALDO ROSA DA SILVA                 RUA: TOMINASN 341,                      IPIRANGA ALI26293381NOVA IGUACU    RJUNIAO UMB DOS CULTOS AFRO BRAS    30081915 000030
21300820190000000000500                                                                                                                                                                                                                                                                                                                                                                                   000031
10231987175000168817800093673    000053721                    000537210000000000000109                     I0153721     30081900000000250003410000017N020819105700000000000833008190000000000000000000000000000000000000000100093678754791ROSINETE MARIA DE OLIVEIRA              RUA ANGOLA N 24, ANTIGA RUA 9           CAPIVARI    25145080DUQUE DE CAXIASRJUNIAO UMB DOS CULTOS AFRO BRAS    30081915 000032
21300820190000000000500                                                                                                                                                                                                                                                                                                                                                                                   000033
10231987175000168817800093673    000053720                    000537200000000000000109                     I0153720     30081900000000250003410000017N020819105700000000000833008190000000000000000000000000000000000000000100009289778709HELAINE FRANKLIN TEIXEIRA               RUA: CACHOEIRA ALTA N 0, LOTE 17 QUADRA JARDIM MARAV23031070CAMPO GRANDE   RJUNIAO UMB DOS CULTOS AFRO BRAS    30081915 000034
21300820190000000000500                                                                                                                                                                                                                                                                                                                                                                                   000035
10231987175000168817800093673    000053719                    000537190000000000000109                     I0153719     30081900000000250003410000017N020819105700000000000833008190000000000000000000000000000000000000000100001096953722CLAUDIA GUIMARAES                       ESTRADA GUANDU DO SENA - RUA 29N 0, QUADCAMPO GRANDE23091220RIO DE JANEIRO RJUNIAO UMB DOS CULTOS AFRO BRAS    30081915 000036
21300820190000000000500                                                                                                                                                                                                                                                                                                                                                                                   000037
10231987175000168817800093673    000053718                    000537180000000000000109                     I0153718     30081900000000250003410000017N020819105700000000000833008190000000000000000000000000000000000000000100095760024787LUCIMARA DIAS DE OLIVEIRA               RUA SANTO ELIASN 43,                    TURIACU     21540390RIO DE JANEIRO RJUNIAO UMB DOS CULTOS AFRO BRAS    30081915 000038
21300820190000000000500                                                                                                                                                                                                                                                                                                                                                                                   000039
10231987175000168817800093673    000053717                    000537170000000000000109                     I0153717     30081900000000250003410000017N020819105700000000000833008190000000000000000000000000000000000000000100012687881716DAIANA SANTANA DE LIMA                  RUA MANAUSN 149,                        CAMPOS ELISE25225000DUQUE DE CAXIASRJUNIAO UMB DOS CULTOS AFRO BRAS    30081915 000040
21300820190000000000500                                                                                                                                                                                                                                                                                                                                                                                   000041
10231987175000168817800093673    000053716                    000537160000000000000109                     I0153716     30081900000000250003410000017N020819105700000000000833008190000000000000000000000000000000000000000100005229971711CATIA CILENE MASCARENHAS                RUA BUGANVILLEN 5, CASA 5               CONJUNTO SAN21843743CAMPO GRANDE   RJUNIAO UMB DOS CULTOS AFRO BRAS    30081915 000042
21300820190000000000500                                                                                                                                                                                                                                                                                                                                                                                   000043
10231987175000168817800093673    000053715                    000537150000000000000109                     I0153715     30081900000000250003410000017N020819105700000000000833008190000000000000000000000000000000000000000100089982118749LENIR SILVA DOS SANTOS                  RUA: ILDEFONSO ALBANON 25, APTÂº 101    GUADALUPE   21670340RIO DE JANEIRO RJUNIAO UMB DOS CULTOS AFRO BRAS    30081915 000044
21300820190000000000500                                                                                                                                                                                                                                                                                                                                                                                   000045
10231987175000168817800093673    000053714                    000537140000000000000109                     I0153714     30081900000000250003410000017N020819105700000000000833008190000000000000000000000000000000000000000100064494527734RONALDO ROSAS ALVES                     ESTRADA COMANDANTEN 777,                PRATA       25976140TERESOPOLIS    RJUNIAO UMB DOS CULTOS AFRO BRAS    30081915 000046
21300820190000000000500                                                                                                                                                                                                                                                                                                                                                                                   000047
10231987175000168817800093673    000053713                    000537130000000000000109                     I0153713     30081900000000250003410000017N020819105700000000000833008190000000000000000000000000000000000000000100012295676746JEFFERSON ANTONIO TELLES GALDI          RUA MOUZIN DE ALBUQUERQUEN 492,         SAO VICENTE 26178080BELFORD ROXO   RJUNIAO UMB DOS CULTOS AFRO BRAS    30081915 000048
21300820190000000000500                                                                                                                                                                                                                                                                                                                                                                                   000049
10231987175000168817800093673    000053712                    000537120000000000000109                     I0153712     30081900000000250003410000017N020819105700000000000833008190000000000000000000000000000000000000000100091083532715MARCOS AURELIO PEREIRA RAMOS            RUA MATO GROSSON 548,                   SANTA CECILI25957250TERESOPOLIS    RJUNIAO UMB DOS CULTOS AFRO BRAS    30081915 000050
21300820190000000000500                                                                                                                                                                                                                                                                                                                                                                                   000051
10231987175000168817800093673    000053711                    000537110000000000000109                     I0153711     30081900000000250003410000017N020819105700000000000833008190000000000000000000000000000000000000000100002527980740ARMANDO DE ALMEIDA                      RUA PEDRO JOSE DE OLIVEIRA N 255,       VARGEM GRAND27145231BARRA DO PIRAI RJUNIAO UMB DOS CULTOS AFRO BRAS    30081915 000052
21300820190000000000500                                                                                                                                                                                                                                                                                                                                                                                   000053
10231987175000168817800093673    000053710                    000537100000000000000109                     I0153710     30081900000000250003410000017N020819105700000000000833008190000000000000000000000000000000000000000100005978854785ALEXANDRE MOTA DOS SANTOS               RUA BRUNO SENDERN 26,                   JARDIM NOVA 26266040NOVA IGUACU    RJUNIAO UMB DOS CULTOS AFRO BRAS    30081915 000054
21300820190000000000500                                                                                                                                                                                                                                                                                                                                                                                   000055
10231987175000168817800093673    000053709                    000537090000000000000109                     I0153709     30081900000000250003410000017N020819105700000000000833008190000000000000000000000000000000000000000100095846190715ANA MARIA NICANOR DE QUADRO             RUA PASSO FUNDON 118, LOTE 104          JARDIM GUAND26298189NOVA IGUACU    RJUNIAO UMB DOS CULTOS AFRO BRAS    30081915 000056
21300820190000000000500                                                                                                                                                                                                                                                                                                                                                                                   000057
10231987175000168817800093673    000053708                    000537080000000000000109                     I0153708     30081900000000250003410000017N020819105700000000000833008190000000000000000000000000000000000000000100010765062755IVONE JOAO PEDRO                        RUA MARMIARIN 605,                      SENADOR CAMA21831000RIO DE JANEIRO RJUNIAO UMB DOS CULTOS AFRO BRAS    30081915 000058
21300820190000000000500                                                                                                                                                                                                                                                                                                                                                                                   000059
10231987175000168817800093673    000053707                    000537070000000000000109                     I0153707     30081900000000250003410000017N020819105700000000000833008190000000000000000000000000000000000000000100085957879720MARIA DA APARECIDA VICENTE DUQ          RUA FRANCISCO VIOLTI N 43, CASA 2       HELIOPOLIS  26125440BELFORD ROXO   RJUNIAO UMB DOS CULTOS AFRO BRAS    30081915 000060
21300820190000000000500                                                                                                                                                                                                                                                                                                                                                                                   000061
10231987175000168817800093673    000053706                    000537060000000000000109                     I0153706     30081900000000250003410000017N020819105700000000000833008190000000000000000000000000000000000000000100010018753701PAULA DE BRITO                          RUA FRANCISCO VIOLTEN 44, QUADRA 30     HELIOPOLIS  26125440RIO DE JANEIRO RJUNIAO UMB DOS CULTOS AFRO BRAS    30081915 000062
21300820190000000000500                                                                                                                                                                                                                                                                                                                                                                                   000063
10231987175000168817800093673    000053705                    000537050000000000000109                     I0153705     30081900000000250003410000017N020819105700000000000833008190000000000000000000000000000000000000000100000858723778GEOVANI FERNANDA DA SILVA               RUA SOFIA BARRETON 34,                  DUMAS - SANT23550700RIO DE JANEIRO RJUNIAO UMB DOS CULTOS AFRO BRAS    30081915 000064
21300820190000000000500                                                                                                                                                                                                                                                                                                                                                                                   000065
10231987175000168817800093673    000053704                    000537040000000000000109                     I0153704     30081900000000250003410000017N020819105700000000000833008190000000000000000000000000000000000000000100000919377793JOSE IVAN MARCELINO FILHO               RUA ERNANE PEREIRAN 5,                  CARLOS SAMPA26089115NOVA IGUACU    RJUNIAO UMB DOS CULTOS AFRO BRAS    30081915 000066
21300820190000000000500                                                                                                                                                                                                                                                                                                                                                                                   000067
10231987175000168817800093673    000053703                    000537030000000000000109                     I0153703     30081900000000250003410000017N020819105700000000000833008190000000000000000000000000000000000000000100001649750714CRISTIANE JOSE DA SILVA                 AVENIDA: CALOMBEN 0, LOTE 24 QUADRA 6   PARQUE ELDOR25231020DUQUE DE CAXIASRJUNIAO UMB DOS CULTOS AFRO BRAS    30081915 000068
21300820190000000000500                                                                                                                                                                                                                                                                                                                                                                                   000069
10231987175000168817800093673    000053702                    000537020000000000000109                     I0153702     30081900000000250003410000017N020819105700000000000833008190000000000000000000000000000000000000000100005234258726LUANNA RODRIGUES NASCIMENTO LO          RUA HERACLITO ANTONIO BUSQUET N 140,    TABORDA     28680000CACHOEIRA DE MARJUNIAO UMB DOS CULTOS AFRO BRAS    30081915 000070
21300820190000000000500                                                                                                                                                                                                                                                                                                                                                                                   000071
10231987175000168817800093673    000053701                    000537010000000000000109                     I0153701     30081900000000250003410000017N020819105700000000000833008190000000000000000000000000000000000000000100005770480742NARAYAMA MARTINS RODRIGUES LOU          RUA HERACLITO ANTONIO BUSQUETN 140,     TABORDA     28680000CACHOEIRA DE MARJUNIAO UMB DOS CULTOS AFRO BRAS    30081915 000072
21300820190000000000500                                                                                                                                                                                                                                                                                                                                                                                   000073
10231987175000168817800093673    000053700                    000537000000000000000109                     I0153700     30081900000000250003410000017N020819105700000000000833008190000000000000000000000000000000000000000100002331392730ANA MARIA DOS SANTOS VIEIRA             RUA: CRUZ DE SOUZAN 57,                 CARMARY POSS26022281NOVA IGUACU    RJUNIAO UMB DOS CULTOS AFRO BRAS    30081915 000074
21300820190000000000500                                                                                                                                                                                                                                                                                                                                                                                   000075
10231987175000168817800093673    000053699                    000536990000000000000109                     I0153699     30081900000000250003410000017N020819105700000000000833008190000000000000000000000000000000000000000100003018847733MARIA AILHA BERNARDO PINTO              RUA RUBIAO JUNIOR N 109,                CENTRO      23860000MANGARATIBA    RJUNIAO UMB DOS CULTOS AFRO BRAS    30081915 000076
21300820190000000000500                                                                                                                                                                                                                                                                                                                                                                                   000077
10231987175000168817800093673    000053698                    000536980000000000000109                     I0153698     30081900000000250003410000017N020819105700000000000833008190000000000000000000000000000000000000000100005995214730LUCIANO GONCALVES DE SOUZA              RUA CLARIMUNDO DE MELON 714, FUNDOS     PIEDADE     20740323RIO DE JANEIRO RJUNIAO UMB DOS CULTOS AFRO BRAS    30081915 000078
21300820190000000000500                                                                                                                                                                                                                                                                                                                                                                                   000079
10231987175000168817800093673    000053697                    000536970000000000000109                     I0153697     30081900000000250003410000017N020819105700000000000833008190000000000000000000000000000000000000000100007852297790IRENE FRANCISCO LIMA                    RUA VIRGILIO VARZEAN 0, LOTE 1 QUADRA 1 VILA SAO LUI25051110DUQUE DE CAXIASRJUNIAO UMB DOS CULTOS AFRO BRAS    30081915 000080
21300820190000000000500                                                                                                                                                                                                                                                                                                                                                                                   000081
10231987175000168817800093673    000053696                    000536960000000000000109                     I0153696     30081900000000250003410000017N020819105700000000000833008190000000000000000000000000000000000000000100009409455766DANIELE MARTINS MEDEIROS DE FR          RUA ROMANCISTA LUCIO CARDOSON 272,      IBICUI      23860000MANGARATIBA    RJUNIAO UMB DOS CULTOS AFRO BRAS    30081915 000082
21300820190000000000500                                                                                                                                                                                                                                                                                                                                                                                   000083
10231987175000168817800093673    000053695                    000536950000000000000109                     I0153695     30081900000000250003410000017N020819105700000000000833008190000000000000000000000000000000000000000100090219023700GUARACIARA CORREA PASCHOAL              RUA JOSE CABRALN 758,                   VAL VERDE   26290783NOVA IGUACU    RJUNIAO UMB DOS CULTOS AFRO BRAS    30081915 000084
21300820190000000000500                                                                                                                                                                                                                                                                                                                                                                                   000085
10231987175000168817800093673    000053694                    000536940000000000000109                     I0153694     30081900000000250003410000017N020819105700000000000833008190000000000000000000000000000000000000000100023970090563MARCIA VIEIRA SALES                     RUA LOPO SARAIVAN 214,                  TANQUE - JAC22740220RIO DE JANEIRO RJUNIAO UMB DOS CULTOS AFRO BRAS    30081915 000086
21300820190000000000500                                                                                                                                                                                                                                                                                                                                                                                   000087
10231987175000168817800093673    000053693                    000536930000000000000109                     I0153693     30081900000000250003410000017N020819105700000000000833008190000000000000000000000000000000000000000100006726905432DAYVIDY RAMON CANDIDO                   RUA MARACAN 27,                         PARQUE MUCAJ26415055JAPERI         RJUNIAO UMB DOS CULTOS AFRO BRAS    30081915 000088
21300820190000000000500                                                                                                                                                                                                                                                                                                                                                                                   000089
10231987175000168817800093673    000053692                    000536920000000000000109                     I0153692     30081900000000250003410000017N020819105700000000000833008190000000000000000000000000000000000000000100009445907728VICTOR DOS SANTOS ALLEN                 RUA PEDRO TELESN 146,                   CENTRO      25515032SAO JOAO DE MERRJUNIAO UMB DOS CULTOS AFRO BRAS    30081915 000090
21300820190000000000500                                                                                                                                                                                                                                                                                                                                                                                   000091
10231987175000168817800093673    000053691                    000536910000000000000109                     I0153691     30081900000000250003410000017N020819105700000000000833008190000000000000000000000000000000000000000100009145082707ELAINE CRISTINA DE MORAES               RUA GENTIL DO OURON 11,                 AGUIAR TORRE23063340INHOAIBA       RJUNIAO UMB DOS CULTOS AFRO BRAS    30081915 000092
21300820190000000000500                                                                                                                                                                                                                                                                                                                                                                                   000093
10231987175000168817800093673    000053690                    000536900000000000000109                     I0153690     30081900000000250003410000017N020819105700000000000833008190000000000000000000000000000000000000000100015429555134OBIRACI SILVA DO NASCIMENTO             ESTRADA VELHA DE MARICAN 57,            MARIA PAULA 24756280SAO GONCALO    RJUNIAO UMB DOS CULTOS AFRO BRAS    30081915 000094
21300820190000000000500                                                                                                                                                                                                                                                                                                                                                                                   000095
10231987175000168817800093673    000053689                    000536890000000000000109                     I0153689     30081900000000250003410000017N020819105700000000000833008190000000000000000000000000000000000000000100015903167896PRISCILA APARECIDA SERRANO CLE          RUA: CAPITAO FRANCISCO LIPE N 1206, APTÂVILA DOM PED02243000SAO PAULO      SPUNIAO UMB DOS CULTOS AFRO BRAS    30081915 000096
21300820190000000000500                                                                                                                                                                                                                                                                                                                                                                                   000097
10231987175000168817800093673    000053688                    000536880000000000000109                     I0153688     30081900000000250003410000017N020819105700000000000833008190000000000000000000000000000000000000000100013849060705LEONARDO ENEDINA DE MELO                RUA JULIO VERNERN 0, QUADRA 24 LOTE 10  SANTA RITA  26050517NOVA IGUACU    RJUNIAO UMB DOS CULTOS AFRO BRAS    30081915 000098
21300820190000000000500                                                                                                                                                                                                                                                                                                                                                                                   000099
10231987175000168817800093673    000053687                    000536870000000000000109                     I0153687     30081900000000250003410000017N020819105700000000000833008190000000000000000000000000000000000000000100082391106734CASSIO SOUZA DA COSTA                   RUA MARIA HADDADN 115,                  AREIA BRANCA26112220BELFORD ROXO   RJUNIAO UMB DOS CULTOS AFRO BRAS    30081915 000100
21300820190000000000500                                                                                                                                                                                                                                                                                                                                                                                   000101
9                                                                                                                                                                                                                                                                                                                                                                                                         000102
