01REMESSA01COBRANCA       916200163100        União Umb dos Cultos Afro Bra341BANCO ITAU SA  060318                                                                                                                                                                                                                                                                                                      000001
10231987175000168916200163100    000014182                    000141820000000000000109                     I0114182     09031800000000350003410000017N060318104700000000000100903180000000000000000000000000000000000000000100004244337709WANDERSON SANTOS DA SILVA               AVENIDA DAS AMERICAS 15000              RECREIO DOS 22790330RIO DE JANEIRO RJUNIAO UMB DOS CULTOS AFRO BRAS    09031810 000002
10231987175000168916200163100    000014181                    000141810000000000000109                     I0114181     30031800000000035003410000017N060318104700000000000103003180000000000000000000000000000000000000000100096252634700PATRICIA BORGES                         O MESMO                                 O MESMO     23530074RIO DE JANEIRO RJUNIAO UMB DOS CULTOS AFRO BRAS    30031810 000003
10231987175000168916200163100    000014180                    000141800000000000000109                     I0114180     30031800000000035003410000017N060318104700000000000103003180000000000000000000000000000000000000000100069279500791CLAUDIA ALONSO RODRIGUES                ESTRADA DO PAU FERRO N 851              FREGUESIA - 22745055RIO DE JANEIRO RJUNIAO UMB DOS CULTOS AFRO BRAS    30031810 000004
10231987175000168916200163100    000014179                    000141790000000000000109                     I0114179     07031800000000035003410000017N060318104700000000000100703180000000000000000000000000000000000000000100009057240700ILAN FERNANDES BRAZILEIRO               RUA NICARAGUA                           PARQUE HOTEL28970000ARARUAMA       RJUNIAO UMB DOS CULTOS AFRO BRAS    07031810 000005
10231987175000168916200163100    000014178                    000141780000000000000109                     I0114178     07031800000000070003410000017N060318104700000000000100703180000000000000000000000000000000000000000100069279500791CLAUDIA ALONSO RODRIGUES                ESTRADA DO PAU FERRO N 851              FREGUESIA - 22745055RIO DE JANEIRO RJUNIAO UMB DOS CULTOS AFRO BRAS    07031810 000006
10231987175000168916200163100    000014177                    000141770000000000000109                     I0114177     07031800000000035003410000017N060318104700000000000100703180000000000000000000000000000000000000000100007682577789CLAUDIA CRISTINA CARVALHO AREA          RUA ALFAZEMA, 91 CASA 1                 PADRE MIGUEL21720360RIO DE JANEIRO RJUNIAO UMB DOS CULTOS AFRO BRAS    07031810 000007
10231987175000168916200163100    000014176                    000141760000000000000109                     I0214176     30051800000000035003410000017N060318104700000000000103005180000000000000000000000000000000000000000100010126360707NONILHA DA CONCEICAO FERREIRA           RUA JUSCELINO KUBITCHEK DE OLIVEIRA ,232PRAIA NOVA -25900000MAGE           RJUNIAO UMB DOS CULTOS AFRO BRAS    30051810 000008
10231987175000168916200163100    000014175                    000141750000000000000109                     I0214175     30041800000000035003410000017N060318104700000000000103004180000000000000000000000000000000000000000100010126360707NONILHA DA CONCEICAO FERREIRA           RUA JUSCELINO KUBITCHEK DE OLIVEIRA ,232PRAIA NOVA -25900000MAGE           RJUNIAO UMB DOS CULTOS AFRO BRAS    30041810 000009
10231987175000168916200163100    000014174                    000141740000000000000109                     I0214174     30031800000000035003410000017N060318104700000000000103003180000000000000000000000000000000000000000100010126360707NONILHA DA CONCEICAO FERREIRA           RUA JUSCELINO KUBITCHEK DE OLIVEIRA ,232PRAIA NOVA -25900000MAGE           RJUNIAO UMB DOS CULTOS AFRO BRAS    30031810 000010
10231987175000168916200163100    000014173                    000141730000000000000109                     I0114173     30051800000000040003410000017N060318104700000000000103005180000000000000000000000000000000000000000100090468414720MARCOS MELLO TERRA                      O MESMO                                 O MESMO     25915000MAGE           RJUNIAO UMB DOS CULTOS AFRO BRAS    30051810 000011
10231987175000168916200163100    000014172                    000141720000000000000109                     I0114172     30041800000000040003410000017N060318104700000000000103004180000000000000000000000000000000000000000100090468414720MARCOS MELLO TERRA                      O MESMO                                 O MESMO     25915000MAGE           RJUNIAO UMB DOS CULTOS AFRO BRAS    30041810 000012
10231987175000168916200163100    000014141                    000141410000000000000109                     I0214141     05031800000000035003410000017N010318104700000000000100503180000000000000000000000000000000000000000100049170872791SONIA REGINA BARBOSA CAVATO             AVENIDA: SCHULTZ WENK Nº 183           CORDOVIL - R21012155RIO DE JANEIRO RJUNIAO UMB DOS CULTOS AFRO BRAS    05031810 000013
10231987175000168916200163100    000014140                    000141400000000000000109                     I0214140     09031800000000070003410000017N010318104700000000000100903180000000000000000000000000000000000000000100096252634700PATRICIA BORGES                         O MESMO                                 O MESMO     23530074RIO DE JANEIRO RJUNIAO UMB DOS CULTOS AFRO BRAS    09031810 000014
10231987175000168916200163100    000014107                    000141070000000000000109                     I0214107     10041800000000350003410000017N270218104700000000000101004180000000000000000000000000000000000000000100002554595720ROSA CRISTINA SANTANA BARBOSA           RUA JOSE FERNANDES N 14                 SEPETIBA - R23535450RIO DE JANEIRO RJUNIAO UMB DOS CULTOS AFRO BRAS    10041810 000015
10231987175000168916200163100    00008860                     000088600000000000000109                     I028860      31011800000000035003410000017N020118104700000000000103101180000000000000000000000000000000000000000100009770274739DOUGLAS PACHECO PINHEIRO                RUA PROFESSOR ALFREDO GOMES, 43         MANOEL REIS 26515820BELFORD ROXO   RJUNIAO UMB DOS CULTOS AFRO BRAS    31011810 000016
10231987175000168916200163100    00008764                     000087640000000000000109                     I028764      31011800000000035003410000017N020118104700000000000103101180000000000000000000000000000000000000000100001625540795JUCILENE GOMES MINDAS DOS SANT          RUA MENDEL CARDOSO DE MATTOS, LOTE 5 QUAPARAISO - NO26297009NOVA IGUACU    RJUNIAO UMB DOS CULTOS AFRO BRAS    31011810 000017
10231987175000168916200163100    00008666                     000086660000000000000109                     I028666      31011800000000035003410000017N020118104700000000000103101180000000000000000000000000000000000000000100007965913771ANDREA CARLA FREITAS E SILVA            RUA SAO MARCOS, 23 QUADRA 25            KM 32 - NOVA26298548NOVA IGUACU    RJUNIAO UMB DOS CULTOS AFRO BRAS    31011810 000018
10231987175000168916200163100    00008414                     000084140000000000000109                     I028414      31011800000000035003410000017N020118104700000000000103101180000000000000000000000000000000000000000100001655794710ADRIANA QUEIROZ DE ARAUJO SOAR          RUA: SAMPAIO CORREIA Nº 113 - COLONIA  JACAREPAGUA 22713371RIO DE JANEIRO RJUNIAO UMB DOS CULTOS AFRO BRAS    31011810 000019
10231987175000168916200163100    00003642                     000036420000000000000109                     I023642      22121700000000350003410000017N171117104700000000000102212170000000000000000000000000000000000000000100096252634700PATRICIA BORGES                         O MESMO                                 O MESMO     23530074RIO DE JANEIRO RJUNIAO UMB DOS CULTOS AFRO BRAS    22121710 000020
10231987175000168916200163100    00003615                     000036150000000000000109                     I023615      22121700000000350003410000017N171117104700000000000102212170000000000000000000000000000000000000000100007150949711SEVERINA BENVINDO FERREIRA              ESTRADA DO CALUNDU, LOTE 32 QUADRA 51   NOSSA SENHOR25040610DUQUE DE CAXIASRJUNIAO UMB DOS CULTOS AFRO BRAS    22121710 000021
10231987175000168916200163100    00003601                     000036010000000000000109                     I023601      22121700000000350003410000017N171117104700000000000102212170000000000000000000000000000000000000000100000080766773SONIA CRISTINA DA SILVA ALVES           RUA AMARO AGUIAR BRANDAO, 72            BECO MAUA - 26193600BELFORD ROXO   RJUNIAO UMB DOS CULTOS AFRO BRAS    22121710 000022
10231987175000168916200163100    00003527                     000035270000000000000109                     I023527      22121700000000350003410000017N171117104700000000000102212170000000000000000000000000000000000000000100049170872791SONIA REGINA BARBOSA CAVATO             AVENIDA: SCHULTZ WENK Nº 183           CORDOVIL - R21012155RIO DE JANEIRO RJUNIAO UMB DOS CULTOS AFRO BRAS    22121710 000023
10231987175000168916200163100    00003271                     000032710000000000000109                     I023271      22121700000000350003410000017N171117104700000000000102212170000000000000000000000000000000000000000100060495901768ANA CRISTINA PAVAO BARONI               RUA TAMANDUATEI, 197                    JARDIM TROPI26012775NOVA IGUACU    RJUNIAO UMB DOS CULTOS AFRO BRAS    22121710 000024
10231987175000168916200163100    00003270                     000032700000000000000109                     I023270      22121700000000350003410000017N171117104700000000000102212170000000000000000000000000000000000000000200000000000302MARIA DA LUZ MAGALHAES                  RUA JOSE FERREIRA MURRO, 20             MIGUEL COUTO26070527NOVA IGUACU    RJUNIAO UMB DOS CULTOS AFRO BRAS    22121710 000025
10231987175000168916200163100    00003269                     000032690000000000000109                     I023269      22121700000000350003410000017N171117104700000000000102212170000000000000000000000000000000000000000100001322424780NELY MELIANO DOS SANTOS                 RUA JABOATAO, 50 QUADRA A               VILA ROSARIO25041020DUQUE DE CAXIASRJUNIAO UMB DOS CULTOS AFRO BRAS    22121710 000026
10231987175000168916200163100    00003217                     000032170000000000000109                     I023217      22121700000000350003410000017N171117104700000000000102212170000000000000000000000000000000000000000100090882687700JUCIARA DE SOUZA CAMPOS                 RUA DEMOSTENES, 116                     JARDIM GLAUC26195500BELFORD ROXO   RJUNIAO UMB DOS CULTOS AFRO BRAS    22121710 000027
10231987175000168916200163100    00003214                     000032140000000000000109                     I023214      22121700000000350003410000017N171117104700000000000102212170000000000000000000000000000000000000000100006444177812VANDERLIR FERNANDES DA SILVA            RUA ROMANCISTA, 100                     LEQUE AZUL -25930000MAGE           RJUNIAO UMB DOS CULTOS AFRO BRAS    22121710 000028
10231987175000168916200163100    00003205                     000032050000000000000109                     I023205      22121700000000350003410000017N171117104700000000000102212170000000000000000000000000000000000000000100004728238768MARIA JOSE ILARIO MANGUEIRA             ESTRADA DA AGUA BRANCA, 2160            REALENGO - R21730000RIO DE JANEIRO RJUNIAO UMB DOS CULTOS AFRO BRAS    22121710 000029
9                                                                                                                                                                                                                                                                                                                                                                                                         000030
