01REMESSA01COBRANCA       916200163100        União Umb dos Cultos Afro Bra341BANCO ITAU SA  210218                                                                                                                                                                                                                                                                                                      000001
10231987175000168916200163100    000013970                    000139700000000000000109                     I0113970     30031800000000035003410000017N210218104700000000000103003180000000000000000000000000000000000000000100038370999700JULIO ALEXANDRE FERREIRA                RUA BARAO DE JACUI, 254 CASA 16 FUNDOS  OSWALDO CRUZ21550310RIO DE JANEIRO RJUNIAO UMB DOS CULTOS AFRO BRAS    30031810 000002
10231987175000168916200163100    000013969                    000139690000000000000109                     I0213969     28021800000000010003410000017N210218104700000000000102802180000000000000000000000000000000000000000100005851795735JOAO LUIZ DE OLIVEIRA MAGALHAE          RUA ANTONIO CARLOS PARANHOS             VILA VALQUEI21321340RIO DE JANEIRO RJUNIAO UMB DOS CULTOS AFRO BRAS    28021810 000003
10231987175000168916200163100    000013968                    000139680000000000000109                     I0113968     09041800000000400003410000017N210218104700000000000100904180000000000000000000000000000000000000000100001346507783ANDREIA FERREIRA E CUNHA                RUA TIRADENTES N 465 CASA 4             CONFIDENCIA 26323260NOVA IGUACU    RJUNIAO UMB DOS CULTOS AFRO BRAS    09041810 000004
10231987175000168916200163100    000013967                    000139670000000000000109                     I0113967     08031800000000385003410000017N210218104700000000000100803180000000000000000000000000000000000000000100001346507783ANDREIA FERREIRA E CUNHA                RUA TIRADENTES N 465 CASA 4             CONFIDENCIA 26323260NOVA IGUACU    RJUNIAO UMB DOS CULTOS AFRO BRAS    08031810 000005
10231987175000168916200163100    000013965                    000139650000000000000109                     I0113965     30031800000000105003410000017N210218104700000000000103003180000000000000000000000000000000000000000100077575768734CARLOS ALBERTO BAPTISTA                 RUA DOUTOR NOGUCHI, 220                 RAMOS - RJ  21060420RIO DE JANEIRO RJUNIAO UMB DOS CULTOS AFRO BRAS    30031810 000006
10231987175000168916200163100    000013964                    000139640000000000000109                     I0113964     30031800000000105003410000017N210218104700000000000103003180000000000000000000000000000000000000000100003666096700MARIA DOS SANTOS MACHADO                RUA JOAO RAIMUNDO, QUADRA 3 LOTE 13     VILA SANTO A25041400DUQUE DE CAXIASRJUNIAO UMB DOS CULTOS AFRO BRAS    30031810 000007
10231987175000168916200163100    000013963                    000139630000000000000109                     I0113963     30031800000000210003410000017N210218104700000000000103003180000000000000000000000000000000000000000100002053662794JOSE DE MELLO FILHO                     O MESMO                                 O MESMO     21235510RIO DE JANEIRO RJUNIAO UMB DOS CULTOS AFRO BRAS    30031810 000008
10231987175000168916200163100    000013960                    000139600000000000000109                     I0113960     30031800000000385003410000017N210218104700000000000103003180000000000000000000000000000000000000000100003028407701MARIA MARINETE OLIVEIRA  DA SI          RUA TURIUVA LOTE 40 QUADRA 54           VILA MELIPOL26150000BELFORD ROXO   RJUNIAO UMB DOS CULTOS AFRO BRAS    30031810 000009
10231987175000168916200163100    000013957                    000139570000000000000109                     I0113957     30031800000000140003410000017N210218104700000000000103003180000000000000000000000000000000000000000100007965581752ALINE SANT ANNA ALVES                   RUA PROFESSORA MARLI CARVALHO PEREIRA, 1MIGUEL COUTO26070452NOVA IGUACU    RJUNIAO UMB DOS CULTOS AFRO BRAS    30031810 000010
10231987175000168916200163100    000013956                    000139560000000000000109                     I0113956     30031800000000315003410000017N210218104700000000000103003180000000000000000000000000000000000000000100070217491715HELENO FERNANDES DE SOUZA               ESTRADA JORNALISTA JOSE GUINA, 86       COSMOS - RIO23060270RIO DE JANEIRO RJUNIAO UMB DOS CULTOS AFRO BRAS    30031810 000011
10231987175000168916200163100    000013955                    000139550000000000000109                     I0113955     30031800000000210003410000017N210218104700000000000103003180000000000000000000000000000000000000000100004245613793MARIA ELENA DA SILVA SANTOS             AVENIDA ENGENHEIRO SOUSA FILHO, 1176 CASITANHANGA - 22753053RIO DE JANEIRO RJUNIAO UMB DOS CULTOS AFRO BRAS    30031810 000012
10231987175000168916200163100    000013954                    000139540000000000000109                     I0113954     30031800000000490003410000017N210218104700000000000103003180000000000000000000000000000000000000000100008098163776LUIS CARLOS DA ROCHA MARTINS            RUA CORONEL TITO PORTO CARREIRO, 17     PACIENCIA - 23580010RIO DE JANEIRO RJUNIAO UMB DOS CULTOS AFRO BRAS    30031810 000013
10231987175000168916200163100    000013953                    000139530000000000000109                     I0113953     30031800000000420003410000017N210218104700000000000103003180000000000000000000000000000000000000000100075310112715MAMEDE DA SILVA ANDRADE                 RUA FISCAL JOSE FIGUEIRA, 222           SANTO ANTONI27115120BARRA DO PIRAI RJUNIAO UMB DOS CULTOS AFRO BRAS    30031810 000014
10231987175000168916200163100    000013952                    000139520000000000000109                     I0113952     30031800000000035003410000017N210218104700000000000103003180000000000000000000000000000000000000000100071012443787MARIA LUIZA DE SOUZA MARCAL DE          RUA CORONEL BATISTA DA SILVA, 148       MORIM - PETR25630000PETROPOLIS     RJUNIAO UMB DOS CULTOS AFRO BRAS    30031810 000015
10231987175000168916200163100    000013951                    000139510000000000000109                     I0113951     30031800000000035003410000017N210218104700000000000103003180000000000000000000000000000000000000000100093372302753MARCIO LUIZ SILVESTRE                   RUA CANDIDO MARIANO, 226                JARDIM NOVA 26266080NOVA IGUACU    RJUNIAO UMB DOS CULTOS AFRO BRAS    30031810 000016
10231987175000168916200163100    000013950                    000139500000000000000109                     I0113950     30031800000000070003410000017N210218104700000000000103003180000000000000000000000000000000000000000100000467099758KLEBER FARNESI CONTE                    AVENIDA IRMAOS GUINLE, 254              INCONFIDENCI26323130QUEIMADOS      RJUNIAO UMB DOS CULTOS AFRO BRAS    30031810 000017
10231987175000168916200163100    000013949                    000139490000000000000109                     I0113949     30031800000000140003410000017N210218104700000000000103003180000000000000000000000000000000000000000100009770274739DOUGLAS PACHECO PINHEIRO                RUA PROFESSOR ALFREDO GOMES, 43         MANOEL REIS 26515820BELFORD ROXO   RJUNIAO UMB DOS CULTOS AFRO BRAS    30031810 000018
10231987175000168916200163100    000013948                    000139480000000000000109                     I0113948     30031800000000140003410000017N210218104700000000000103003180000000000000000000000000000000000000000100097402508749MARIA DE OLIVEIRA SOUZA SAMPAI          RUA PROJETADA A, 47                     JARDIM NOVA 25000000DUQUE DE CAXIASRJUNIAO UMB DOS CULTOS AFRO BRAS    30031810 000019
10231987175000168916200163100    000013947                    000139470000000000000109                     I0113947     30031800000000140003410000017N210218104700000000000103003180000000000000000000000000000000000000000100004289729770JOSE CARLOS LOUREIRO CORTEZ             RUA JOAO LUSO, 215                      REALENGO - R21765620RIO DE JANEIRO RJUNIAO UMB DOS CULTOS AFRO BRAS    30031810 000020
10231987175000168916200163100    000013945                    000139450000000000000109                     I0113945     30031800000000035003410000017N210218104700000000000103003180000000000000000000000000000000000000000100005828675761THAYS DE FATIMA FERREIRA GOMES          ESTRADA GENERAL AFONSO DE CARVALHO N 989PADRE MIGUEL21725020RIO DE JANEIRO RJUNIAO UMB DOS CULTOS AFRO BRAS    30031810 000021
10231987175000168916200163100    000013944                    000139440000000000000109                     I0113944     30031800000000035003410000017N210218104700000000000103003180000000000000000000000000000000000000000100090617249744RAQUEL DA PAZ                           RUA ITABIBOCA LOTE 10 QUADRA 342 (ANTIGAPARADA MORAB25265188DUQUE DE CAXIASRJUNIAO UMB DOS CULTOS AFRO BRAS    30031810 000022
10231987175000168916200163100    000013943                    000139430000000000000109                     I0113943     30031800000000035003410000017N210218104700000000000103003180000000000000000000000000000000000000000100003836060710SANDRA VIEIRA DA SILVA TEIXEIR          RUA REDENTOR SN  LOTE 33 QUADRA 12      JARDIM REDEN26110090BELFORD ROXO   RJUNIAO UMB DOS CULTOS AFRO BRAS    30031810 000023
10231987175000168916200163100    000013942                    000139420000000000000109                     I0113942     30031800000000035003410000017N210218104700000000000103003180000000000000000000000000000000000000000100010456888780TIAGO PINTO ESPOSTI                     RUA ROSSINA FREITAS MEDEIROS N 38       PARQUE AEROP27963672MACAE          RJUNIAO UMB DOS CULTOS AFRO BRAS    30031810 000024
10231987175000168916200163100    00008942                     000089420000000000000109                     I028942      10011800000000601853410000017N020118104700000000000101001180000000000000000000000000000000000000000100078566738772MARINA SOARES DA SILVA                  RUA: JOAO DANIEL                        BENTO RIBEIR21550480RIO DE JANEIRO RJUNIAO UMB DOS CULTOS AFRO BRAS    10011810 000025
10231987175000168916200163100    00008862                     000088620000000000000109                     I028862      31011800000000035003410000017N020118104700000000000103101180000000000000000000000000000000000000000100084394595720FRANCISCO RAUL DA SILVA AZEVED          RUA JORGE LEAL GONCALVES, 37 CASA 2     PACIENCIA - 23587270RIO DE JANEIRO RJUNIAO UMB DOS CULTOS AFRO BRAS    31011810 000026
10231987175000168916200163100    00008767                     000087670000000000000109                     I028767      31011800000000035003410000017N020118104700000000000103101180000000000000000000000000000000000000000100003546040740MONICA DA SILVA OLIVEIRA                RUA CORREIA DIAS, 1029                  VIGARIO GERA21241310RIO DE JANEIRO RJUNIAO UMB DOS CULTOS AFRO BRAS    31011810 000027
10231987175000168916200163100    00008751                     000087510000000000000109                     I028751      31011800000000035003410000017N020118104700000000000103101180000000000000000000000000000000000000000100002673106766JANAINA MARQUES ALVES SANTOS T          RUA C LOTE 6 QUADRA 3                   BASILIO - RI28800000RIO DE JANEIRO RJUNIAO UMB DOS CULTOS AFRO BRAS    31011810 000028
10231987175000168916200163100    00008554                     000085540000000000000109                     I028554      31011800000000035003410000017N020118104700000000000103101180000000000000000000000000000000000000000100000000934798CELSO LINS ROSA (OGAN)                  RUA LAGEADO N 70                        COLEGIO - RI21540680RIO DE JANEIRO RJUNIAO UMB DOS CULTOS AFRO BRAS    31011810 000029
10231987175000168916200163100    00008456                     000084560000000000000109                     I028456      31011800000000035003410000017N020118104700000000000103101180000000000000000000000000000000000000000100075300931772ALTAIR DE SOUZA COSTA                   RUA SETE DE SETEMBRO, LOTE 15 QUADRA 7 -CABUCU - NOV26293486NOVA IGUACU    RJUNIAO UMB DOS CULTOS AFRO BRAS    31011810 000030
10231987175000168916200163100    00004537                     000045370000000000000109                     I024537      22121700000000350003410000017N171117104700000000000102212170000000000000000000000000000000000000000100068373570772RONILCE CAMILO DA SILVA                 RUA RUBY ALBERTORIA N 2 - GERENCIANO    GERENCIANO -26061155NVOA IGUACU    RJUNIAO UMB DOS CULTOS AFRO BRAS    22121710 000031
10231987175000168916200163100    00004415                     000044150000000000000109                     I024415      22121700000000350003410000017N171117104700000000000102212170000000000000000000000000000000000000000100064947130768MARIA GORETE DE SOUSA MIRANDA           AVENIDA PASTEUR N 113 A                 PARQUE ALIAN25550210SAO JOAO DE MERRJUNIAO UMB DOS CULTOS AFRO BRAS    22121710 000032
10231987175000168916200163100    00004000                     000040000000000000000109                     I024000      22121700000000350003410000017N171117104700000000000102212170000000000000000000000000000000000000000100008389266733BEATRIZ DE AZEVEDO NUNES                RUA: SAPOPEMBA Nº 246 - BENTO RIBEIRO  RIO DE JANEI21321240RIO DE JANEIRO RJUNIAO UMB DOS CULTOS AFRO BRAS    22121710 000033
10231987175000168916200163100    00003664                     000036640000000000000109                     I023664      22121700000000350003410000017N171117104700000000000102212170000000000000000000000000000000000000000100038370999700JULIO ALEXANDRE FERREIRA                RUA BARAO DE JACUI, 254 CASA 16 FUNDOS  OSWALDO CRUZ21550310RIO DE JANEIRO RJUNIAO UMB DOS CULTOS AFRO BRAS    22121710 000034
10231987175000168916200163100    00003390                     000033900000000000000109                     I023390      22121700000000350003410000017N171117104700000000000102212170000000000000000000000000000000000000000100076896960744MARIA LUCIA DE OLIVEIRA NUNES           AVENIDA DO CORRETOR N 116               VILA ALIANCA21842340RIO DE JANEIRO RJUNIAO UMB DOS CULTOS AFRO BRAS    22121710 000035
10231987175000168916200163100    00003301                     000033010000000000000109                     I023301      22121700000000350003410000017N171117104700000000000102212170000000000000000000000000000000000000000100043082033768LEILA RAMOS DE OLIVEIRA                 RUA CAPIBARIBE, 361                     CABUCU - NOV26346290NOVA IGUACU    RJUNIAO UMB DOS CULTOS AFRO BRAS    22121710 000036
10231987175000168916200163100    00003088                     000030880000000000000109                     I023088      31121700000000035003410000017N131117104700000000000103112170000000000000000000000000000000000000000100068373570772RONILCE CAMILO DA SILVA                 RUA RUBY ALBERTORIA N 2 - GERENCIANO    GERENCIANO -26061155NVOA IGUACU    RJUNIAO UMB DOS CULTOS AFRO BRAS    31121710 000037
10231987175000168916200163100    00002963                     000029630000000000000109                     I022963      31121700000000035003410000017N131117104700000000000103112170000000000000000000000000000000000000000100064947130768MARIA GORETE DE SOUSA MIRANDA           AVENIDA PASTEUR N 113 A                 PARQUE ALIAN25550210SAO JOAO DE MERRJUNIAO UMB DOS CULTOS AFRO BRAS    31121710 000038
10231987175000168916200163100    00002514                     000025140000000000000109                     I022514      31121700000000035003410000017N131117104700000000000103112170000000000000000000000000000000000000000100008389266733BEATRIZ DE AZEVEDO NUNES                RUA: SAPOPEMBA Nº 246 - BENTO RIBEIRO  RIO DE JANEI21321240RIO DE JANEIRO RJUNIAO UMB DOS CULTOS AFRO BRAS    31121710 000039
10231987175000168916200163100    00002176                     000021760000000000000109                     I022176      31121700000000035003410000017N131117104700000000000103112170000000000000000000000000000000000000000100038370999700JULIO ALEXANDRE FERREIRA                RUA BARAO DE JACUI, 254 CASA 16 FUNDOS  OSWALDO CRUZ21550310RIO DE JANEIRO RJUNIAO UMB DOS CULTOS AFRO BRAS    31121710 000040
10231987175000168916200163100    00001897                     000018970000000000000109                     I021897      31121700000000035003410000017N131117104700000000000103112170000000000000000000000000000000000000000100076896960744MARIA LUCIA DE OLIVEIRA NUNES           AVENIDA DO CORRETOR N 116               VILA ALIANCA21842340RIO DE JANEIRO RJUNIAO UMB DOS CULTOS AFRO BRAS    31121710 000041
9                                                                                                                                                                                                                                                                                                                                                                                                         000042
