01REMESSA01COBRANCA       916200163100        União Umb dos Cultos Afro Bra341BANCO ITAU SA  190418                                                                                                                                                                                                                                                                                                      000001
10231987175000168916200163100    000014418                    000144180000000000000109                     I0114418     30051800000000035003410000017N180418104700000000000103005180000000000000000000000000000000000000000100072596317753CLAUDIA IVONE CAETANO DA SILVA          RUA NADIA MARIA DA SILVEIRA MENEZES LOTEVENDA VELHA 25580110SAO JOAO DE MERRJUNIAO UMB DOS CULTOS AFRO BRAS    30051810 000002
10231987175000168916200163100    000014417                    000144170000000000000109                     I0114417     30041800000000245003410000017N180418104700000000000103004180000000000000000000000000000000000000000100071002782791ELIANE PIRES SOUZA                      RUA IBITINGA LT 9 QD 3 - PRQ S BERNARDO O MESMO     26167160BELFORD ROXO   RJUNIAO UMB DOS CULTOS AFRO BRAS    30041810 000003
10231987175000168916200163100    000014416                    000144160000000000000109                     I0114416     30041800000000280003410000017N180418104700000000000103004180000000000000000000000000000000000000000100007333127729FRANCISCA GONCALVES                     RUA PROJETADA C BECO FRANCA, 4          ROLA - SANTA23520580RIO DE JANEIRO RJUNIAO UMB DOS CULTOS AFRO BRAS    30041810 000004
10231987175000168916200163100    000014415                    000144150000000000000109                     I0114415     10051800000000525003410000017N170418104700000000000101005180000000000000000000000000000000000000000100000357281756ROSA ELENA DA CONCEICAO ALVES           TRAVESSA TIRADENTES N 23 CASA 4         OLINDA - NIL26535370NILOPOLIS      RJUNIAO UMB DOS CULTOS AFRO BRAS    10051810 000005
10231987175000168916200163100    000014414                    000144140000000000000109                     I0114414     30051800000000040003410000017N170418104700000000000103005180000000000000000000000000000000000000000100091083532715MARCOS AURELIO PEREIRA RAMOS            RUA MATO GROSSO                         SANTA CECILI25957250TERESOPOLIS    RJUNIAO UMB DOS CULTOS AFRO BRAS    30051810 000006
10231987175000168916200163100    000014413                    000144130000000000000109                     I0114413     30051800000000040003410000017N170418104700000000000103005180000000000000000000000000000000000000000100012295676746JEFFERSON ANTONIO TELLES GALDI          RUA MOUZIN DE ALBUQUERQUE               SAO VICENTE 26178080BELFORD ROXO   RJUNIAO UMB DOS CULTOS AFRO BRAS    30051810 000007
10231987175000168916200163100    000014412                    000144120000000000000109                     I0114412     30051800000000035003410000017N170418104700000000000103005180000000000000000000000000000000000000000100043397077753JOAO NORATO CEZARIO                     RUA POETA MANOEL BANDEIRA               CABUIS      26540260NILOPOLIS      RJUNIAO UMB DOS CULTOS AFRO BRAS    30051810 000008
10231987175000168916200163100    000014411                    000144110000000000000109                     I0114411     30041800000000350003410000017N170418104700000000000103004180000000000000000000000000000000000000000100088504794768FATIMA MARIA DE OLIVEIRA                RUA TELMA, 22                           CABUCU - JAR26291266NOVA IGUACU    RJUNIAO UMB DOS CULTOS AFRO BRAS    30041810 000009
10231987175000168916200163100    000014410                    000144100000000000000109                     I0114410     20041800000000070003410000017N170418104700000000000102004180000000000000000000000000000000000000000100057316600772ESTELA FERREIRA                         AVENIDA BORIS, 321                      MUTONDO  - S24422730SAO GONCALO    RJUNIAO UMB DOS CULTOS AFRO BRAS    20041810 000010
10231987175000168916200163100    000014409                    000144090000000000000109                     I0114409     30041800000000448003410000017N170418104700000000000103004180000000000000000000000000000000000000000100000000002295CARLOS RENATO DE ABREU ALMEIDA          RUA GUIRAREIA Nº 131                   IRAJA - RJ  21371420RIO DE JANEIRO RJUNIAO UMB DOS CULTOS AFRO BRAS    30041810 000011
10231987175000168916200163100    000014408                    000144080000000000000109                     I0214408     20041800000000210003410000017N160418104700000000000102004180000000000000000000000000000000000000000100051562430700EMILIA SANTANA MORAIS                   RUA JORNALISTA MOACIR PADILHA, 276 FUNDOCENTRO - NIT24020350NITEROI        RJUNIAO UMB DOS CULTOS AFRO BRAS    20041810 000012
10231987175000168916200163100    000014407                    000144070000000000000109                     I0114407     20041800000000035003410000017N160418104700000000000102004180000000000000000000000000000000000000000100036386812700VICENCO GEARDINA NETO                   O MESMO                                 O MESMO     26061070NOVA IGUACU    RJUNIAO UMB DOS CULTOS AFRO BRAS    20041810 000013
10231987175000168916200163100    000014118                    000141180000000000000109                     I0214118     20041800000000350003410000017N270218104700000000000102004180000000000000000000000000000000000000000100007442503748SANDRO RICARDO DE OLIVEIRA              ESTRADA DO GUANDU,  2 CASA A            SANTA CRUZ -23560150RIO DE JANEIRO RJUNIAO UMB DOS CULTOS AFRO BRAS    20041810 000014
10231987175000168916200163100    000014092                    000140920000000000000109                     I0214092     10041800000000350003410000017N270218104700000000000101004180000000000000000000000000000000000000000100082396841734LUCIA DE FATIMA DE SOUZA                RUA: RESPLANDECER                       PARAISO     26297159NOVA IGUACU    RJUNIAO UMB DOS CULTOS AFRO BRAS    10041810 000015
10231987175000168916200163100    00008563                     000085630000000000000109                     I028563      31011800000000035003410000017N020118104700000000000103101180000000000000000000000000000000000000000100001192135750CREUZA MARIA DA CONCEICAO               RUA BENEDITO LACERDA N 320              VILA CORCUND23071340CAMPO GRANDE   RJUNIAO UMB DOS CULTOS AFRO BRAS    31011810 000016
10231987175000168916200163100    00008431                     000084310000000000000109                     I028431      31011800000000035003410000017N020118104700000000000103101180000000000000000000000000000000000000000100081473885787CELIA DA SILVA ALEXANDRE                AVENIDA MARECHAL FONTENELE N 4311 RUA SELOTEAMENTO V21750000RIO DE JANEIRO RJUNIAO UMB DOS CULTOS AFRO BRAS    31011810 000017
10231987175000168916200163100    00004518                     000045180000000000000109                     I024518      22121700000000350003410000017N171117104700000000000102212170000000000000000000000000000000000000000100025814712149JAIR FERREIRA FILHO                     RUA ENGENHEIRO PINHO DE MAGALHAES N 70  VILA DA PENH21220410RIO DE JANEIRO RJUNIAO UMB DOS CULTOS AFRO BRAS    22121710 000018
10231987175000168916200163100    00004473                     000044730000000000000109                     I024473      22121700000000350003410000017N171117104700000000000102212170000000000000000000000000000000000000000100014492149759FILIPE FONSECA MARIANO                  RUA DONA JULIA N 16 FUNDOS              SEPETIBA - R23545570RIO DE JANEIRO RJUNIAO UMB DOS CULTOS AFRO BRAS    22121710 000019
10231987175000168916200163100    00004472                     000044720000000000000109                     I024472      22121700000000350003410000017N171117104700000000000102212170000000000000000000000000000000000000000100007214737760LEANDRO FRAGA DE OLIVEIRA               RUA VAZ LOBO N 522 - VAZ LOBO           VAZ LOBO - R21361030RIO DE JANEIRO RJUNIAO UMB DOS CULTOS AFRO BRAS    22121710 000020
10231987175000168916200163100    00004467                     000044670000000000000109                     I024467      22121700000000350003410000017N171117104700000000000102212170000000000000000000000000000000000000000100003550624700ELAINE DE BARROS CARVALHO DE O          RUA DOUTOR ANTONIO MARTINS N 42 CASA 2 ATAQUARA - JA22723650RIO DE JANEIRO RJUNIAO UMB DOS CULTOS AFRO BRAS    22121710 000021
10231987175000168916200163100    00004466                     000044660000000000000109                     I024466      22121700000000350003410000017N171117104700000000000102212170000000000000000000000000000000000000000100005649589720RAPHAEL AGUIAR DA SILVA                 ESTRADA DO BONGARVILLE, 869 CASA 42     ANIL - JACAR22753210RIO DE JANEIRO RJUNIAO UMB DOS CULTOS AFRO BRAS    22121710 000022
10231987175000168916200163100    00004464                     000044640000000000000109                     I024464      22121700000000350003410000017N171117104700000000000102212170000000000000000000000000000000000000000100011130957764MARCUS ULYSSES DE FIGUEIREDO P          RUA SAO JORGE N 764                     CAMPO ALEGRE26292228NOVA IGUACU    RJUNIAO UMB DOS CULTOS AFRO BRAS    22121710 000023
10231987175000168916200163100    00004462                     000044620000000000000109                     I024462      22121700000000350003410000017N171117104700000000000102212170000000000000000000000000000000000000000100048672068734NOEMIA CONCEICAO DE SOUZA               ESTRADA DO CAMORIM N 926 CASA 7 FRENTE -JACAREPAGUA 22780070RIO DE JANEIRO RJUNIAO UMB DOS CULTOS AFRO BRAS    22121710 000024
10231987175000168916200163100    00004461                     000044610000000000000109                     I024461      22121700000000350003410000017N171117104700000000000102212170000000000000000000000000000000000000000100002846505608DIONE ROSA FERNANDES                    RUA ERNESTINA N 56                      LINS DE VASC20710000RIO DE JANEIRO RJUNIAO UMB DOS CULTOS AFRO BRAS    22121710 000025
10231987175000168916200163100    00004460                     000044600000000000000109                     I024460      22121700000000350003410000017N171117104700000000000102212170000000000000000000000000000000000000000100092673562753ALVARO RICARDO DE OLIVEIRA RIB          RUA MARIA ALICE N 18                    MUTONDO - SA24452140SAO GONCALO    RJUNIAO UMB DOS CULTOS AFRO BRAS    22121710 000026
10231987175000168916200163100    00004458                     000044580000000000000109                     I024458      22121700000000350003410000017N171117104700000000000102212170000000000000000000000000000000000000000100011640644792MARLY SERPA BORGES                      RUA VISTA ALEGRE N 12                   SANTA TERESA20251410RIO DE JANEIRO RJUNIAO UMB DOS CULTOS AFRO BRAS    22121710 000027
10231987175000168916200163100    00004457                     000044570000000000000109                     I024457      22121700000000350003410000017N171117104700000000000102212170000000000000000000000000000000000000000100005440511733MONICA LEITE CRUZ                       RUA PARDAL N 130 B                      MAGALI - CAM23081070CAMPO GRANDE   RJUNIAO UMB DOS CULTOS AFRO BRAS    22121710 000028
10231987175000168916200163100    00004455                     000044550000000000000109                     I024455      22121700000000350003410000017N171117104700000000000102212170000000000000000000000000000000000000000100074442163715MONICA BARCELLOS DE PAULA               AVENIDA VICENTE DE CARVALHO, 560        VICENTE DE C21371148RIO DE JANEIRO RJUNIAO UMB DOS CULTOS AFRO BRAS    22121710 000029
10231987175000168916200163100    00004454                     000044540000000000000109                     I024454      22121700000000350003410000017N171117104700000000000102212170000000000000000000000000000000000000000100007924464700GILCEMAR PEREIRA DE MORAES              RUA JOSE ELEOTERIO N 102                CAMPO LINDO 23898220SEROPEDICA     RJUNIAO UMB DOS CULTOS AFRO BRAS    22121710 000030
10231987175000168916200163100    00004453                     000044530000000000000109                     I024453      22121700000000350003410000017N171117104700000000000102212170000000000000000000000000000000000000000100014199569731LUIS FILIPE SANTOS COSTA                ESTRADA DOUTOR JOAQUIM NICOLAU N 1529 CAPRACA PONTE 26900000MIGUEL PEREIRA RJUNIAO UMB DOS CULTOS AFRO BRAS    22121710 000031
10231987175000168916200163100    00004452                     000044520000000000000109                     I024452      22121700000000350003410000017N171117104700000000000102212170000000000000000000000000000000000000000100000160903774REGINA CELIA DE OLIVEIRA DA SI          RUA VENANCIO ADRES LOTE 23 QUADRA 13    OLAVO BILAC 25035340DUQUE DE CAXIASRJUNIAO UMB DOS CULTOS AFRO BRAS    22121710 000032
10231987175000168916200163100    00004450                     000044500000000000000109                     I024450      22121700000000350003410000017N171117104700000000000102212170000000000000000000000000000000000000000100053211839704ALCIONE SOUZA DOS SANTOS                RUA: MARINO FELIX Nº 26 - SEPETIBA     RIO DE JANEI23535006RIO DE JANEIRO RJUNIAO UMB DOS CULTOS AFRO BRAS    22121710 000033
10231987175000168916200163100    00004449                     000044490000000000000109                     I024449      22121700000000350003410000017N171117104700000000000102212170000000000000000000000000000000000000000100099586860768MARLECI NAVARRO DE FARIA                AVENIDA TENENTE REBELO N 381 APT 303    IRAJA - RIO 21230075RIO DE JANEIRO RJUNIAO UMB DOS CULTOS AFRO BRAS    22121710 000034
10231987175000168916200163100    00004447                     000044470000000000000109                     I024447      22121700000000350003410000017N171117104700000000000102212170000000000000000000000000000000000000000100001653081767DEISE SIQUEIRA                          RUA PARLON SIQUEIRA N 59 CX P 93        BARRA DE GUA23020510RIO DE JANEIRO RJUNIAO UMB DOS CULTOS AFRO BRAS    22121710 000035
10231987175000168916200163100    00004445                     000044450000000000000109                     I024445      22121700000000350003410000017N171117104700000000000102212170000000000000000000000000000000000000000100069426864768ANA MARIA DO SACRAMENTO                 RUA ZILA MENDONCA N 45                  BARRACAO - S24735055SAO GONCALO    RJUNIAO UMB DOS CULTOS AFRO BRAS    22121710 000036
10231987175000168916200163100    00004443                     000044430000000000000109                     I024443      22121700000000350003410000017N171117104700000000000102212170000000000000000000000000000000000000000100002721212745MARILIA CLAUDIA DA SILVA CORRE          RUA DELFIM MOREIRA N 410                VILA TIRADEN25525170SAO JOAO DE MERRJUNIAO UMB DOS CULTOS AFRO BRAS    22121710 000037
10231987175000168916200163100    00004272                     000042720000000000000109                     I024272      22121700000000350003410000017N171117104700000000000102212170000000000000000000000000000000000000000100024721975864LIDIANE FERNANDA BON SCHIAVI S          RUA LUIZ CAMERANO                       BELVEDERE DA27113260BARRA DO PIRAI RJUNIAO UMB DOS CULTOS AFRO BRAS    22121710 000038
10231987175000168916200163100    00004240                     000042400000000000000109                     I024240      22121700000000350003410000017N171117104700000000000102212170000000000000000000000000000000000000000100087394464768LEILA MARIA ROSA MARTINS                RUA EDNA MEDEIROS, 155                  CORUMBA - NO26042430NOVA IGUACU    RJUNIAO UMB DOS CULTOS AFRO BRAS    22121710 000039
10231987175000168916200163100    00004218                     000042180000000000000109                     I024218      22121700000000350003410000017N171117104700000000000102212170000000000000000000000000000000000000000100001863222758CLAUDIA LIMA PEREIRA                    RUA SOLDADO ANDRE RIBEIRO, 126          CASCADURA - 21380040RIO DE JANEIRO RJUNIAO UMB DOS CULTOS AFRO BRAS    22121710 000040
10231987175000168916200163100    00004212                     000042120000000000000109                     I024212      22121700000000350003410000017N171117104700000000000102212170000000000000000000000000000000000000000100024540285734FERNANDO PEREIRA DE SOUZA               RUA ALECRIM  1008                       VILA KOSMOS 21220050RIO DE JANEIRO RJUNIAO UMB DOS CULTOS AFRO BRAS    22121710 000041
10231987175000168916200163100    00004210                     000042100000000000000109                     I024210      22121700000000350003410000017N171117104700000000000102212170000000000000000000000000000000000000000100004762099783MARLENE DA CONCEICAO BARRETO            RUA GONZAGA BASTOS, 209 BLOCO C APTO 308TIJUCA - RIO20541000RIO DE JANEIRO RJUNIAO UMB DOS CULTOS AFRO BRAS    22121710 000042
10231987175000168916200163100    00004209                     000042090000000000000109                     I024209      22121700000000350003410000017N171117104700000000000102212170000000000000000000000000000000000000000100083765778753MARCIA REGINA NUNES DA SILVA            RUA AXUA, 227 CASA 16                   TAQUARA - JA22713515RIO DE JANEIRO RJUNIAO UMB DOS CULTOS AFRO BRAS    22121710 000043
10231987175000168916200163100    00004208                     000042080000000000000109                     I024208      22121700000000350003410000017N171117104700000000000102212170000000000000000000000000000000000000000100015415831777DOUGLAS DA SILVA DE SOUZA               RUA CAPINTUBA, 162                      IRAJA - RJ  21361210RIO DE JANEIRO RJUNIAO UMB DOS CULTOS AFRO BRAS    22121710 000044
10231987175000168916200163100    00004207                     000042070000000000000109                     I024207      22121700000000350003410000017N171117104700000000000102212170000000000000000000000000000000000000000100001055608710IARA DA SILVA REGO                      RUA: ALCOBACA 1333 CASA 1               ANCHIETA - R21645001RIO DE JANEIRO RJUNIAO UMB DOS CULTOS AFRO BRAS    22121710 000045
10231987175000168916200163100    00004206                     000042060000000000000109                     I024206      22121700000000350003410000017N171117104700000000000102212170000000000000000000000000000000000000000100074906615791MARIA DE FATIMA FERREIRA TENOR          RUA PRACINHA WALLACE PAES LEME, 1483    CENTRO - NIL26525046NILOPOLIS      RJUNIAO UMB DOS CULTOS AFRO BRAS    22121710 000046
10231987175000168916200163100    00004203                     000042030000000000000109                     I024203      22121700000000350003410000017N171117104700000000000102212170000000000000000000000000000000000000000100009979098708WASHINGTON BENTO DA CUNHA               RUA CAMPOS, BLOCO 8 QUADRA A            VILLAR DOS T25570200SAO JOAO DE MERRJUNIAO UMB DOS CULTOS AFRO BRAS    22121710 000047
10231987175000168916200163100    00004201                     000042010000000000000109                     I024201      22121700000000350003410000017N171117104700000000000102212170000000000000000000000000000000000000000100010949550434JOAO BATISTA PEREIRA DE VASCON          RUA NEIDE ALVES DA SILVA, 162           JARDIM SAO S58306450BAYEUX         PBUNIAO UMB DOS CULTOS AFRO BRAS    22121710 000048
10231987175000168916200163100    00004200                     000042000000000000000109                     I024200      22121700000000350003410000017N171117104700000000000102212170000000000000000000000000000000000000000100073408042772VANDA CEZARIO LIMA BRAZ                 RUA JOSE FERNANDES DE OLIVEIRA, 70      CENTRO - NIL26521640NILOPOLIS      RJUNIAO UMB DOS CULTOS AFRO BRAS    22121710 000049
10231987175000168916200163100    00004198                     000041980000000000000109                     I024198      22121700000000350003410000017N171117104700000000000102212170000000000000000000000000000000000000000100033927499749JORGE CARDOSO DE MACEDO                 RUA G, LOTE 29 QUADRA 11                GRANJA SANTA25900000PIABETA - MAGE RJUNIAO UMB DOS CULTOS AFRO BRAS    22121710 000050
10231987175000168916200163100    00004197                     000041970000000000000109                     I024197      22121700000000350003410000017N171117104700000000000102212170000000000000000000000000000000000000000100001215240783SONIA MARIA ROSA BRANDAO                RUA ARARUAMA, 280                       BANGU - RJ  21562050RIO DE JANEIRO RJUNIAO UMB DOS CULTOS AFRO BRAS    22121710 000051
10231987175000168916200163100    00004195                     000041950000000000000109                     I024195      22121700000000350003410000017N171117104700000000000102212170000000000000000000000000000000000000000100005235517709SIDNEY ROBERTO SILVA DE CARVAL          RUA DONATELO, LOTE 27 QUADRA 38         GUARATIBA   23028210RIO DE JANEIRO RJUNIAO UMB DOS CULTOS AFRO BRAS    22121710 000052
10231987175000168916200163100    00004194                     000041940000000000000109                     I024194      22121700000000350003410000017N171117104700000000000102212170000000000000000000000000000000000000000100059130091772JORGE LUIZ CERUTTI AMADI                RUA EUNICE DE MENEZES, CASA 2 LOTE 7    VENDA VELHA 25565470SAO JOAO DE MERRJUNIAO UMB DOS CULTOS AFRO BRAS    22121710 000053
10231987175000168916200163100    00004192                     000041920000000000000109                     I024192      22121700000000350003410000017N171117104700000000000102212170000000000000000000000000000000000000000100005529010750JOELMA MELO DA SILVA                    RUA ELIEZER ALVES DA ROCHA, 226         RAUL VEIGA -24710640SAO GONCALO    RJUNIAO UMB DOS CULTOS AFRO BRAS    22121710 000054
10231987175000168916200163100    00004191                     000041910000000000000109                     I024191      22121700000000350003410000017N171117104700000000000102212170000000000000000000000000000000000000000100085958549715TANIA REGINA LONTRA BITTENCOUR          RUA MARIO SANTANA, 1 BLOCO 17 APTO 103  WONA  - BELF26176285BELFORD ROXO   RJUNIAO UMB DOS CULTOS AFRO BRAS    22121710 000055
10231987175000168916200163100    00004188                     000041880000000000000109                     I024188      22121700000000350003410000017N171117104700000000000102212170000000000000000000000000000000000000000100073590690763JORGE ARAUJO LOURENCO                   RUA JUPARA, 96 CASA 2 FUNDOS            SAO CRISTOVA20911060RIO DE JANEIRO RJUNIAO UMB DOS CULTOS AFRO BRAS    22121710 000056
10231987175000168916200163100    00004187                     000041870000000000000109                     I024187      22121700000000350003410000017N171117104700000000000102212170000000000000000000000000000000000000000100002051058741CRISTIANE SANTANA GURGEL CORTE          RUA  JONAS AMANCIO, 160  - AMANDA       CAMPO GRANDE23092710RIO DE JANEIRO RJUNIAO UMB DOS CULTOS AFRO BRAS    22121710 000057
10231987175000168916200163100    00004079                     000040790000000000000109                     I024079      22121700000000350003410000017N171117104700000000000102212170000000000000000000000000000000000000000100051562430700EMILIA SANTANA MORAIS                   RUA JORNALISTA MOACIR PADILHA, 276 FUNDOCENTRO - NIT24020350NITEROI        RJUNIAO UMB DOS CULTOS AFRO BRAS    22121710 000058
10231987175000168916200163100    00003963                     000039630000000000000109                     I023963      22121700000000350003410000017N171117104700000000000102212170000000000000000000000000000000000000000200000000011040NILZA ALVES CHAROTTA                    RUA LAGUNA N° 83 - NOVA PIAN           CARTA COBR J04610003SAO PAULO      SPUNIAO UMB DOS CULTOS AFRO BRAS    22121710 000059
10231987175000168916200163100    00003962                     000039620000000000000109                     I023962      22121700000000350003410000017N171117104700000000000102212170000000000000000000000000000000000000000100003315003700ROGERIO DE SOUZA RODRIGUES              RUA: DA LAGOA LOTE 2 QUADRA 1           SAO BENTO - 28600000DUQUE DE CAXIASRJUNIAO UMB DOS CULTOS AFRO BRAS    22121710 000060
10231987175000168916200163100    00003961                     000039610000000000000109                     I023961      22121700000000350003410000017N171117104700000000000102212170000000000000000000000000000000000000000100024223450778MARIA DA NATIVIDADE ROCHA               AV.: CANAL QUADRA 56 LOTE 22 - NOSSA SENCAMPO GRANDE23097580CAMPO GRANDE   RJUNIAO UMB DOS CULTOS AFRO BRAS    22121710 000061
10231987175000168916200163100    00003957                     000039570000000000000109                     I023957      22121700000000350003410000017N171117104700000000000102212170000000000000000000000000000000000000000100007269569703TICIANA RAMOS DA LUZ                    R: NORTE LT 11 QD 55                    PIABETA - MA23935000MAGE           RJUNIAO UMB DOS CULTOS AFRO BRAS    22121710 000062
10231987175000168916200163100    00003956                     000039560000000000000109                     I023956      22121700000000350003410000017N171117104700000000000102212170000000000000000000000000000000000000000100004545448712LUCIANA DE SOUZA PIMENTA                RUA: HUGO BALDESSARINI Nº 125          VISTA ALEGRE21236040RIO DE JANEIRO RJUNIAO UMB DOS CULTOS AFRO BRAS    22121710 000063
10231987175000168916200163100    00003954                     000039540000000000000109                     I023954      22121700000000350003410000017N171117104700000000000102212170000000000000000000000000000000000000000100069974578787ANTONIA RIBEIRO RAPOSO                  RUA: DOUTOR ARI CHAGAS Nº 470          SEPETIBA - R23545280RIO DE JANEIRO RJUNIAO UMB DOS CULTOS AFRO BRAS    22121710 000064
10231987175000168916200163100    00003953                     000039530000000000000109                     I023953      22121700000000350003410000017N171117104700000000000102212170000000000000000000000000000000000000000100033374023568LEONICE MAGALHAES LEAL                  RUA: MENDES FERREIRA N° 12 - SANTA TEREALAGOINHAS -48011270ALAGOINHAS     BAUNIAO UMB DOS CULTOS AFRO BRAS    22121710 000065
10231987175000168916200163100    00003952                     000039520000000000000109                     I023952      22121700000000350003410000017N171117104700000000000102212170000000000000000000000000000000000000000100009243432737SILVANA VENTURA DA SILVA                RUA: OUVIDIO ALMEIDA E SILVA Nº 17     BRIZAMAR - I23825710ITAGUAI        RJUNIAO UMB DOS CULTOS AFRO BRAS    22121710 000066
10231987175000168916200163100    00003950                     000039500000000000000109                     I023950      22121700000000350003410000017N171117104700000000000102212170000000000000000000000000000000000000000100008451043739LUCY DE JESUS SOUZA                     TRAVESSA: FELICIO Nº 26                CASCADURA - 23825710RIO DE JANEIRO RJUNIAO UMB DOS CULTOS AFRO BRAS    22121710 000067
10231987175000168916200163100    00003949                     000039490000000000000109                     I023949      22121700000000350003410000017N171117104700000000000102212170000000000000000000000000000000000000000100002664636731ANA LUCIA GATTO                         RUA: DAS ESMERALDAS LOTE 14 QUADRA 142 -SAO GONCALO 24715602SAO GONCALO    RJUNIAO UMB DOS CULTOS AFRO BRAS    22121710 000068
10231987175000168916200163100    00003948                     000039480000000000000109                     I023948      22121700000000350003410000017N171117104700000000000102212170000000000000000000000000000000000000000100097129461772ROSINEIDE BARBOSA DA SILVA              RUA: ADILSON FERREIRA LOTE 10 - VILA MAGPIABETA - MA24210205MAGE           RJUNIAO UMB DOS CULTOS AFRO BRAS    22121710 000069
10231987175000168916200163100    00003947                     000039470000000000000109                     I023947      22121700000000350003410000017N171117104700000000000102212170000000000000000000000000000000000000000100040090000749MARIA CONCEICAO CESAR MARQUES           RUA DOUTOR MANOEL MARREIROS, 635        PARANHOS - I21910080RIO DE JANEIRO RJUNIAO UMB DOS CULTOS AFRO BRAS    22121710 000070
10231987175000168916200163100    00003946                     000039460000000000000109                     I023946      22121700000000350003410000017N171117104700000000000102212170000000000000000000000000000000000000000100008646303799JULIO CESAR DE JESUS VEIGA              ESTRADA COMANDANTE LUIZ SOLTO, 139 - TANCOVANCA - JA22733040RIO DE JANEIRO RJUNIAO UMB DOS CULTOS AFRO BRAS    22121710 000071
10231987175000168916200163100    00003944                     000039440000000000000109                     I023944      22121700000000350003410000017N171117104700000000000102212170000000000000000000000000000000000000000100071126610734FRANCISCO MUNIZ NETO                    RUA HOMERO, 26                          ROCHA MIRAND21510160RIO DE JANEIRO RJUNIAO UMB DOS CULTOS AFRO BRAS    22121710 000072
10231987175000168916200163100    00003939                     000039390000000000000109                     I023939      22121700000000350003410000017N171117104700000000000102212170000000000000000000000000000000000000000100018324860797ORLANDO ROCHA                           RUA EDUARDO CESAR MACHADO, 616          ANCHIETA - R21635140RIO DE JANEIRO RJUNIAO UMB DOS CULTOS AFRO BRAS    22121710 000073
10231987175000168916200163100    00003938                     000039380000000000000109                     I023938      22121700000000350003410000017N171117104700000000000102212170000000000000000000000000000000000000000100006927798705ROSA MARIA RICARDO PINTO                RUA JOAQUIM BESSA, 148 / RUA DOIS, 169  TRINDADE - S24210205SAO GONCALO    RJUNIAO UMB DOS CULTOS AFRO BRAS    22121710 000074
10231987175000168916200163100    00003937                     000039370000000000000109                     I023937      22121700000000350003410000017N171117104700000000000102212170000000000000000000000000000000000000000100043013350725CARLOS ALBERTO DUARTE                   RUA EUNAPIO DEIRO, 13                   REALENGO - R21710020RIO DE JANEIRO RJUNIAO UMB DOS CULTOS AFRO BRAS    22121710 000075
10231987175000168916200163100    00003936                     000039360000000000000109                     I023936      22121700000000350003410000017N171117104700000000000102212170000000000000000000000000000000000000000100000000010894ROSEMAR TANIS SANTIAGO                  RUA SOLDADO IVO DE OLIVEIRA, 415 APTO 30VILA KOSMOS 21210010RIO DE JANEIRO RJUNIAO UMB DOS CULTOS AFRO BRAS    22121710 000076
10231987175000168916200163100    00003934                     000039340000000000000109                     I023934      22121700000000350003410000017N171117104700000000000102212170000000000000000000000000000000000000000100011187294713RONAN RICARDO SANTOS DE ASSIS           RUA DOUTOR LUIZ GALDIER-LEI, 108        PENHA - RIO 21070100RIO DE JANEIRO RJUNIAO UMB DOS CULTOS AFRO BRAS    22121710 000077
10231987175000168916200163100    00003933                     000039330000000000000109                     I023933      22121700000000350003410000017N171117104700000000000102212170000000000000000000000000000000000000000100005243182710JACIRA HELENA MAURICIO ARRUDA           AVENIDA TENENTE REBELO, 531 / 104       IRAJA - RIO 21241460RIO DE JANEIRO RJUNIAO UMB DOS CULTOS AFRO BRAS    22121710 000078
10231987175000168916200163100    00003914                     000039140000000000000109                     I023914      22121700000000350003410000017N171117104700000000000102212170000000000000000000000000000000000000000100048716219791SUELI MARINONE FERNANDES                RUA SAPOPEMBA, 607                      BENTO RIBEIR21331240RIO DE JANEIRO RJUNIAO UMB DOS CULTOS AFRO BRAS    22121710 000079
10231987175000168916200163100    00003749                     000037490000000000000109                     I023749      22121700000000350003410000017N171117104700000000000102212170000000000000000000000000000000000000000100000357281756ROSA ELENA DA CONCEICAO ALVES           TRAVESSA TIRADENTES N 23 CASA 4         OLINDA - NIL26535370NILOPOLIS      RJUNIAO UMB DOS CULTOS AFRO BRAS    22121710 000080
10231987175000168916200163100    00003727                     000037270000000000000109                     I023727      22121700000000350003410000017N171117104700000000000102212170000000000000000000000000000000000000000100057316600772ESTELA FERREIRA                         AVENIDA BORIS, 321                      MUTONDO  - S24422730SAO GONCALO    RJUNIAO UMB DOS CULTOS AFRO BRAS    22121710 000081
10231987175000168916200163100    00003708                     000037080000000000000109                     I023708      22121700000000350003410000017N171117104700000000000102212170000000000000000000000000000000000000000100085901512715ZENILDA MACHADO VICENTE LEITE           RUA VILLAGE IMPERIAL, 194               PARQUE MAMBU23954270ANGRA DOS REIS RJUNIAO UMB DOS CULTOS AFRO BRAS    22121710 000082
10231987175000168916200163100    00003707                     000037070000000000000109                     I023707      22121700000000350003410000017N171117104700000000000102212170000000000000000000000000000000000000000100003617355706INAIA DE MACEDO SANTOS                  TRAVESSA PARAIBA DO SUL, 35             NILOPOLIS - 26525470RIO DE JANEIRO RJUNIAO UMB DOS CULTOS AFRO BRAS    22121710 000083
10231987175000168916200163100    00003706                     000037060000000000000109                     I023706      22121700000000350003410000017N171117104700000000000102212170000000000000000000000000000000000000000100063607379734FATIMA CONCEICAO GONCALVES DA           RUA: AMANDIU Nº 63                     IRAJA - RIO 21371440RIO DE JANEIRO RJUNIAO UMB DOS CULTOS AFRO BRAS    22121710 000084
10231987175000168916200163100    00003701                     000037010000000000000109                     I023701      22121700000000350003410000017N171117104700000000000102212170000000000000000000000000000000000000000100000000008944MARIA DA GLORIA DA COSTA ESTEV          AVENIDA GRACA ARANHA, 206 SALA 304      CASTELO - RI20030001RIO DE JANEIRO RJUNIAO UMB DOS CULTOS AFRO BRAS    22121710 000085
10231987175000168916200163100    00003699                     000036990000000000000109                     I023699      22121700000000350003410000017N171117104700000000000102212170000000000000000000000000000000000000000100079583490768ZILDA VICENTE DA SILVA                  RUA MARIA COSTA CORREA, 129 QUADRA E    APOLO 2 - IT24800000ITABORAI       RJUNIAO UMB DOS CULTOS AFRO BRAS    22121710 000086
10231987175000168916200163100    00003697                     000036970000000000000109                     I023697      22121700000000350003410000017N171117104700000000000102212170000000000000000000000000000000000000000100007967809785FERNANDA PAULA SANTA ANNA HERN          TRAVESSA CHAFI CHAIA, 95                CAMPO GRANDE23052200RIO DE JANEIRO RJUNIAO UMB DOS CULTOS AFRO BRAS    22121710 000087
10231987175000168916200163100    00003696                     000036960000000000000109                     I023696      22121700000000350003410000017N171117104700000000000102212170000000000000000000000000000000000000000100009431078732LUCIA OLIVEIRA BONIFACIO                RUA NINA RIBEIRO, 67 FUNDOS             PAVUNA - RJ 21520290RIO DE JANEIRO RJUNIAO UMB DOS CULTOS AFRO BRAS    22121710 000088
10231987175000168916200163100    00003694                     000036940000000000000109                     I023694      22121700000000350003410000017N171117104700000000000102212170000000000000000000000000000000000000000100001942477759VILMA MARIA FARIA                       RUA CINQUENTA E SEIS, 473 QUADRA 50     SEPETIBA - R23520660RIO DE JANEIRO RJUNIAO UMB DOS CULTOS AFRO BRAS    22121710 000089
10231987175000168916200163100    00003692                     000036920000000000000109                     I023692      22121700000000350003410000017N171117104700000000000102212170000000000000000000000000000000000000000200000000008849ANDREIA DANGELA DE ANDRADE LIM          RUA BORGES MONTEIRO, 100                HIGIENOPOLIS21051460RIO DE JANEIRO RJUNIAO UMB DOS CULTOS AFRO BRAS    22121710 000090
10231987175000168916200163100    00003691                     000036910000000000000109                     I023691      22121700000000350003410000017N171117104700000000000102212170000000000000000000000000000000000000000100003535090784SOLANGE PEREIRA DA SILVA                RUA MANUEL MIRANDA, 226                 ENGENHO NOVO20950300RIO DE JANEIRO RJUNIAO UMB DOS CULTOS AFRO BRAS    22121710 000091
10231987175000168916200163100    00003690                     000036900000000000000109                     I023690      22121700000000350003410000017N171117104700000000000102212170000000000000000000000000000000000000000100072879321753ANA MARIA AGUIAR FERREIRA               RUA BOLIVAR CARVALHO, LOTE 7 QUADRA 46 CJARDIM METRO25575270SAO JOAO DE MERRJUNIAO UMB DOS CULTOS AFRO BRAS    22121710 000092
10231987175000168916200163100    00003688                     000036880000000000000109                     I023688      22121700000000350003410000017N171117104700000000000102212170000000000000000000000000000000000000000100000101399327CARLOS BERNARDINO DO NASCIMENT          RUA CONDE DE BONFIM, 540 APTO 301 BL A  TIJUCA - RIO20520055RIO DE JANEIRO RJUNIAO UMB DOS CULTOS AFRO BRAS    22121710 000093
10231987175000168916200163100    00003686                     000036860000000000000109                     I023686      22121700000000350003410000017N171117104700000000000102212170000000000000000000000000000000000000000100007766619733MARIA DE NAZARE LIMA DA SILVA           RUA LAFAIETE DE FREITAS, LOTE 103       GUARATIBA - 23020670RIO DE JANEIRO RJUNIAO UMB DOS CULTOS AFRO BRAS    22121710 000094
10231987175000168916200163100    00003682                     000036820000000000000109                     I023682      22121700000000350003410000017N171117104700000000000102212170000000000000000000000000000000000000000200000000008601CARLOS ALBERTO PORTO LEAL               RUA FOSCA, 55                           POSSE - NOVA26020015NOVA IGUACU    RJUNIAO UMB DOS CULTOS AFRO BRAS    22121710 000095
10231987175000168916200163100    00003681                     000036810000000000000109                     I023681      22121700000000350003410000017N171117104700000000000102212170000000000000000000000000000000000000000100007650422747SIDNEI DO VALE FELISBERTO               RUA DESEMBARGADOR MACHADO GUIMARAES, 90 JARDIM TROPI26011110NOVA IGUACU    RJUNIAO UMB DOS CULTOS AFRO BRAS    22121710 000096
10231987175000168916200163100    00003680                     000036800000000000000109                     I023680      22121700000000350003410000017N171117104700000000000102212170000000000000000000000000000000000000000100009485387750MICHAEL FERREIRA DE OLIVEIRA            AVENIDA THEODOMIRO BITENCOURT, 4 B      LAGOMAR - MA27970130MACAE          RJUNIAO UMB DOS CULTOS AFRO BRAS    22121710 000097
10231987175000168916200163100    00003679                     000036790000000000000109                     I023679      22121700000000350003410000017N171117104700000000000102212170000000000000000000000000000000000000000100000000008583NOELIA FABIAO                           RUA SERGIO COSME PINHEIRO DE CARVALHO, 5PADRE MIGUEL21721035RIO DE JANEIRO RJUNIAO UMB DOS CULTOS AFRO BRAS    22121710 000098
10231987175000168916200163100    00003678                     000036780000000000000109                     I023678      22121700000000350003410000017N171117104700000000000102212170000000000000000000000000000000000000000100036257869749IRANI DA SILVA CORREA                   RUA JATAIZINHO, 11 - JARDIM ORIENTAL    SENADOR VASC23012170RIO DE JANEIRO RJUNIAO UMB DOS CULTOS AFRO BRAS    22121710 000099
10231987175000168916200163100    00003676                     000036760000000000000109                     I023676      22121700000000350003410000017N171117104700000000000102212170000000000000000000000000000000000000000100028052471753JOSE DA MOTTA SANTOS                    RUA EMILIO DE MENEZES, 199 - VILA ANITA POSSE - NOVA26040140NOVA IGUACU    RJUNIAO UMB DOS CULTOS AFRO BRAS    22121710 000100
10231987175000168916200163100    00003658                     000036580000000000000109                     I023658      22121700000000350003410000017N171117104700000000000102212170000000000000000000000000000000000000000200000000004475POJUCAM LOPES TOLEDO                    RUA LUIS CAPUTI, 469                    CENTRO -VASS27700000VASSOURAS      RJUNIAO UMB DOS CULTOS AFRO BRAS    22121710 000101
10231987175000168916200163100    00003641                     000036410000000000000109                     I023641      22121700000000350003410000017N171117104700000000000102212170000000000000000000000000000000000000000100080295576715DOLORES DAS GRACAS ADRIANO DE           RUA SOLDADO PRIM CANES, QUADRA 198 LOTE VILA MAR - G23025420GUARATIBA      RJUNIAO UMB DOS CULTOS AFRO BRAS    22121710 000102
10231987175000168916200163100    00003540                     000035400000000000000109                     I023540      22121700000000350003410000017N171117104700000000000102212170000000000000000000000000000000000000000100007201140710MARIA DE FATIMA DE OLIVEIRA SI          RUA MUTIRAO, 384                        SANTO AGOSTI27291110VOLTA REDONDA  RJUNIAO UMB DOS CULTOS AFRO BRAS    22121710 000103
10231987175000168916200163100    00003450                     000034500000000000000109                     I023450      22121700000000350003410000017N171117104700000000000102212170000000000000000000000000000000000000000200000000006947MARLENE PAULA ALVES                     RUA VERA LT 9 QD D - VILA GUIMARAES     AUSTIN - RIO26088150RIO DE JANEIRO RJUNIAO UMB DOS CULTOS AFRO BRAS    22121710 000104
10231987175000168916200163100    00003445                     000034450000000000000109                     I023445      22121700000000350003410000017N171117104700000000000102212170000000000000000000000000000000000000000100003002602117MARCELO DE OLIVEIRA PINHO               O MESMO                                 O MESMO     26066640NOVA IGUACU    RJUNIAO UMB DOS CULTOS AFRO BRAS    22121710 000105
10231987175000168916200163100    00003443                     000034430000000000000109                     I023443      22121700000000350003410000017N171117104700000000000102212170000000000000000000000000000000000000000100073333930706DARLY ALVES DA SILVA                    RUA GARCIA REDONDO N 16                 CACHAMBI - R20775170RIO DE JANEIRO RJUNIAO UMB DOS CULTOS AFRO BRAS    22121710 000106
10231987175000168916200163100    00003442                     000034420000000000000109                     I023442      22121700000000350003410000017N171117104700000000000102212170000000000000000000000000000000000000000100042699240710VERA LUCIA PORTO DE AVILEZ              RUA DOS TINTUREIROS N 776               BANGU - RIO 21820170RIO DE JANEIRO RJUNIAO UMB DOS CULTOS AFRO BRAS    22121710 000107
10231987175000168916200163100    00003441                     000034410000000000000109                     I023441      22121700000000350003410000017N171117104700000000000102212170000000000000000000000000000000000000000100000000007987CLAUDIA PIRES RODRIGUES                 RUA ALMIRANTE TAMANDARE N 3 A           TAUA - ILHA 21910070ILHA DO GOVERNARJUNIAO UMB DOS CULTOS AFRO BRAS    22121710 000108
10231987175000168916200163100    00003440                     000034400000000000000109                     I023440      22121700000000350003410000017N171117104700000000000102212170000000000000000000000000000000000000000100008214669766MARCO AURELIO RANGEL BARBOSA            RUA GENERAL JOSE FAUSTINO N 200 FUNDOS  PADRE MIGUEL21721050RIO DE JANEIRO RJUNIAO UMB DOS CULTOS AFRO BRAS    22121710 000109
10231987175000168916200163100    00003438                     000034380000000000000109                     I023438      22121700000000350003410000017N171117104700000000000102212170000000000000000000000000000000000000000100063525755791SOLANGE SOUZA DA SILVA                  RUA JULIO VIEIRA LOTE 22 QUADRA 4       PANTANAL - D25041470DUQUE DE CAXIASRJUNIAO UMB DOS CULTOS AFRO BRAS    22121710 000110
10231987175000168916200163100    00003437                     000034370000000000000109                     I023437      22121700000000350003410000017N171117104700000000000102212170000000000000000000000000000000000000000100004279924783EDUARDO CARVALHO DE SANTANNA            RUA CINCO N 778                         NOVA CAMPINA25268050DUQUE DE CAXIASRJUNIAO UMB DOS CULTOS AFRO BRAS    22121710 000111
10231987175000168916200163100    00003436                     000034360000000000000109                     I023436      22121700000000350003410000017N171117104700000000000102212170000000000000000000000000000000000000000100049135570768CLEBER SILVA DE FREITAS                 RUA COBE N 1275                         RIO DA PRATA21820200BANGU          RJUNIAO UMB DOS CULTOS AFRO BRAS    22121710 000112
10231987175000168916200163100    00003435                     000034350000000000000109                     I023435      22121700000000350003410000017N171117104700000000000102212170000000000000000000000000000000000000000100007926184756LUCIANO FERREIRA DE SOUZA               ESTRADA DO PORTO VELHO N 311 CASA 4 A   CORDOVIL - R21012140RIO DE JANEIRO RJUNIAO UMB DOS CULTOS AFRO BRAS    22121710 000113
10231987175000168916200163100    00003433                     000034330000000000000109                     I023433      22121700000000350003410000017N171117104700000000000102212170000000000000000000000000000000000000000200000000008111SIDNEY MALVAR TEIXEIRA                  O MESMO                                 O MESMO     26012840NOVA IGUACU    RJUNIAO UMB DOS CULTOS AFRO BRAS    22121710 000114
10231987175000168916200163100    00003425                     000034250000000000000109                     I023425      22121700000000350003410000017N171117104700000000000102212170000000000000000000000000000000000000000200000000002036MARLENE INACIA NUNES DO NASCIM          RUA DOUTOR BERNARDINO TEIXEIRA, 753     EDEN - SAO J25545110SAO JOAO DE MERRJUNIAO UMB DOS CULTOS AFRO BRAS    22121710 000115
10231987175000168916200163100    00003424                     000034240000000000000109                     I023424      22121700000000350003410000017N171117104700000000000102212170000000000000000000000000000000000000000100000000007308NEUZA DE JESUS SANTOS FERREIRA          RUA FERNANDES DA CUNHA N 937            VIGARIO GERA21241300RIO DE JANEIRO RJUNIAO UMB DOS CULTOS AFRO BRAS    22121710 000116
10231987175000168916200163100    00003423                     000034230000000000000109                     I023423      22121700000000350003410000017N171117104700000000000102212170000000000000000000000000000000000000000100007333127729FRANCISCA GONCALVES                     RUA PROJETADA C BECO FRANCA, 4          ROLA - SANTA23520580RIO DE JANEIRO RJUNIAO UMB DOS CULTOS AFRO BRAS    22121710 000117
10231987175000168916200163100    00003421                     000034210000000000000109                     I023421      22121700000000350003410000017N171117104700000000000102212170000000000000000000000000000000000000000100079042708700ANTONIO CARLOS DE MIRANDA PACH          RUA SOLDADO BRUNO ESTRIFICA N 107       CURICICA - J22780600RIO DE JANEIRO RJUNIAO UMB DOS CULTOS AFRO BRAS    22121710 000118
10231987175000168916200163100    00003419                     000034190000000000000109                     I023419      22121700000000350003410000017N171117104700000000000102212170000000000000000000000000000000000000000100003314020767ANTONIA GOMES DOS SANTOS MOREI          O MESMO                                 O MESMO     26383450QUEIMADOS      RJUNIAO UMB DOS CULTOS AFRO BRAS    22121710 000119
10231987175000168916200163100    00003345                     000033450000000000000109                     I023345      22121700000000350003410000017N171117104700000000000102212170000000000000000000000000000000000000000100000000006734CREONICE BATISTA SANTOS                 O MESMO                                 O MESMO     23550170RIO DE JANEIRO RJUNIAO UMB DOS CULTOS AFRO BRAS    22121710 000120
10231987175000168916200163100    00003218                     000032180000000000000109                     I023218      22121700000000350003410000017N171117104700000000000102212170000000000000000000000000000000000000000100003761710739ALMIRA DE SOUZA SANTOS                  RUA CARMELITA DE JESUS, LOTE 6 QUADRA 3 ELISA MARIA 23076440RIO DE JANEIRO RJUNIAO UMB DOS CULTOS AFRO BRAS    22121710 000121
10231987175000168916200163100    00003069                     000030690000000000000109                     I023069      31121700000000035003410000017N131117104700000000000103112170000000000000000000000000000000000000000100025814712149JAIR FERREIRA FILHO                     RUA ENGENHEIRO PINHO DE MAGALHAES N 70  VILA DA PENH21220410RIO DE JANEIRO RJUNIAO UMB DOS CULTOS AFRO BRAS    31121710 000122
10231987175000168916200163100    00002821                     000028210000000000000109                     I022821      31121700000000035003410000017N131117104700000000000103112170000000000000000000000000000000000000000100024721975864LIDIANE FERNANDA BON SCHIAVI S          RUA LUIZ CAMERANO                       BELVEDERE DA27113260BARRA DO PIRAI RJUNIAO UMB DOS CULTOS AFRO BRAS    31121710 000123
10231987175000168916200163100    00002710                     000027100000000000000109                     I022710      31121700000000035003410000017N131117104700000000000103112170000000000000000000000000000000000000000100054581184720MARIA LUIZA DE SOUZA                    RUA JASMIM, 4                           POSSE - NOVA26021720NOVA IGUACU    RJUNIAO UMB DOS CULTOS AFRO BRAS    31121710 000124
10231987175000168916200163100    00002621                     000026210000000000000109                     I022621      31121700000000035003410000017N131117104700000000000103112170000000000000000000000000000000000000000100051562430700EMILIA SANTANA MORAIS                   RUA JORNALISTA MOACIR PADILHA, 276 FUNDOCENTRO - NIT24020350NITEROI        RJUNIAO UMB DOS CULTOS AFRO BRAS    31121710 000125
10231987175000168916200163100    00002261                     000022610000000000000109                     I022261      31121700000000035003410000017N131117104700000000000103112170000000000000000000000000000000000000000100000357281756ROSA ELENA DA CONCEICAO ALVES           TRAVESSA TIRADENTES N 23 CASA 4         OLINDA - NIL26535370NILOPOLIS      RJUNIAO UMB DOS CULTOS AFRO BRAS    31121710 000126
10231987175000168916200163100    00001930                     000019300000000000000109                     I021930      31121700000000040003410000017N131117104700000000000103112170000000000000000000000000000000000000000100007333127729FRANCISCA GONCALVES                     RUA PROJETADA C BECO FRANCA, 4          ROLA - SANTA23520580RIO DE JANEIRO RJUNIAO UMB DOS CULTOS AFRO BRAS    31121710 000127
10231987175000168916200163100    00001912                     000019120000000000000109                     I021912      31121700000000035003410000017N131117104700000000000103112170000000000000000000000000000000000000000100072596317753CLAUDIA IVONE CAETANO DA SILVA          RUA NADIA MARIA DA SILVEIRA MENEZES LOTEVENDA VELHA 25580110SAO JOAO DE MERRJUNIAO UMB DOS CULTOS AFRO BRAS    31121710 000128
10231987175000168916200163100    00001724                     000017240000000000000109                     I341724      31121700000000035003410000017N131117104700000000000103112170000000000000000000000000000000000000000100003761710739ALMIRA DE SOUZA SANTOS                  RUA CARMELITA DE JESUS, LOTE 6 QUADRA 3 ELISA MARIA 23076440RIO DE JANEIRO RJUNIAO UMB DOS CULTOS AFRO BRAS    31121710 000129
9                                                                                                                                                                                                                                                                                                                                                                                                         000130
