01REMESSA01COBRANCA       817800093673        União Umb dos Cultos Afro Bra341BANCO ITAU SA  110419                                                                                                                                                                                                                                                                                                      000001
10231987175000168817800093673    000045041                    000450410000000000000109                     I0145041     30061900000000040003410000017N100419105700000000000103006190000000000000000000000000000000000000000100002834244782ELIZABETH MOTTA DOS SANTOS DA           RUA OMAR FONTOURAN 0, BLOCO 173 APTº 40COELHO NETO 21530050RIO DE JANEIRO RJUNIAO UMB DOS CULTOS AFRO BRAS    30061915 000002
10231987175000168817800093673    000045040                    000450400000000000000109                     I0145040     30051900000000040003410000017N100419105700000000000103005190000000000000000000000000000000000000000100002834244782ELIZABETH MOTTA DOS SANTOS DA           RUA OMAR FONTOURAN 0, BLOCO 173 APTº 40COELHO NETO 21530050RIO DE JANEIRO RJUNIAO UMB DOS CULTOS AFRO BRAS    30051915 000003
10231987175000168817800093673    000039043                    000390430000000000000109                     I0239043     30031900000000040003410000017N261218105700000000000103003190000000000000000000000000000000000000000100003009392729MARIA DA PENHA FLORENCIO                RUA SABUJI DIM ROTSENN 0, LOTE 5 QUADRA JARDIM ROTSE25270030DUQUE DE CAXIASRJUNIAO UMB DOS CULTOS AFRO BRAS    30031915 000004
10231987175000168817800093673    000038927                    000389270000000000000109                     I0238927     30031900000000040003410000017N261218105700000000000103003190000000000000000000000000000000000000000100081531095704ROSANA ALMEIDA SILVA                    RUA JOAQUIM MARIANO DE MOURA N 246,     PONTO CHIC  26032840NOVA IGUACU    RJUNIAO UMB DOS CULTOS AFRO BRAS    30031915 000005
10231987175000168817800093673    000038641                    000386410000000000000109                     I0238641     30031900000000040003410000017N261218105700000000000103003190000000000000000000000000000000000000000100010525485716JORGE SANTOS DA SILVA                   RUA: TENENTE CUSTODIO MOREIRAN 24,      JARDIM XAVAN26125000BELFORD ROXO   RJUNIAO UMB DOS CULTOS AFRO BRAS    30031915 000006
10231987175000168817800093673    000038326                    000383260000000000000109                     I0238326     30031900000000040003410000017N261218105700000000000103003190000000000000000000000000000000000000000100009468685730VERA LUCIA LOPES BRANDAO                RUA ORLANDO CARDELHAS DOS SANTOS N 0, QUPARQUE CRUZ 25561331SAO JOAO DE MERRJUNIAO UMB DOS CULTOS AFRO BRAS    30031915 000007
10231987175000168817800093673    000037823                    000378230000000000000109                     I0237823     30031900000000040003410000017N261218105700000000000103003190000000000000000000000000000000000000000100005744506705SANDRA REGINA DE OLIVEIRA               RUA MARCIA COSTA N 924,                 JARDIM NOVA 26271160NOVA IGUACU    RJUNIAO UMB DOS CULTOS AFRO BRAS    30031915 000008
10231987175000168817800093673    000037519                    000375190000000000000109                     I0237519     30031900000000040003410000017N261218105700000000000103003190000000000000000000000000000000000000000100005206095737FLORIPES RAMOS DE FARIAS                RUA ONESIO MANOEL BELARMINO N 75,       ANCHIETA    21625330RIO DE JANEIRO RJUNIAO UMB DOS CULTOS AFRO BRAS    30031915 000009
10231987175000168817800093673    000037469                    000374690000000000000109                     I0237469     30031900000000040003410000017N261218105700000000000103003190000000000000000000000000000000000000000100046858229787IOLANDA CUSTODIA DA ROSA                RUA CLODOMIR LUCAS DOS REISN 14,        JACAREPAGUA 22713562RIO DE JANEIRO RJUNIAO UMB DOS CULTOS AFRO BRAS    30031915 000010
10231987175000168817800093673    000037124                    000371240000000000000109                     I0237124     28021900000000040003410000017N261218105700000000000102802190000000000000000000000000000000000000000100003009392729MARIA DA PENHA FLORENCIO                RUA SABUJI DIM ROTSENN 0, LOTE 5 QUADRA JARDIM ROTSE25270030DUQUE DE CAXIASRJUNIAO UMB DOS CULTOS AFRO BRAS    28021915 000011
10231987175000168817800093673    000037008                    000370080000000000000109                     I0237008     28021900000000040003410000017N261218105700000000000102802190000000000000000000000000000000000000000100081531095704ROSANA ALMEIDA SILVA                    RUA JOAQUIM MARIANO DE MOURA N 246,     PONTO CHIC  26032840NOVA IGUACU    RJUNIAO UMB DOS CULTOS AFRO BRAS    28021915 000012
10231987175000168817800093673    000036723                    000367230000000000000109                     I0236723     28021900000000040003410000017N261218105700000000000102802190000000000000000000000000000000000000000100010525485716JORGE SANTOS DA SILVA                   RUA: TENENTE CUSTODIO MOREIRAN 24,      JARDIM XAVAN26125000BELFORD ROXO   RJUNIAO UMB DOS CULTOS AFRO BRAS    28021915 000013
10231987175000168817800093673    000035909                    000359090000000000000109                     I0235909     28021900000000040003410000017N261218105700000000000102802190000000000000000000000000000000000000000100005744506705SANDRA REGINA DE OLIVEIRA               RUA MARCIA COSTA N 924,                 JARDIM NOVA 26271160NOVA IGUACU    RJUNIAO UMB DOS CULTOS AFRO BRAS    28021915 000014
10231987175000168817800093673    000035607                    000356070000000000000109                     I0235607     28021900000000040003410000017N261218105700000000000102802190000000000000000000000000000000000000000100005206095737FLORIPES RAMOS DE FARIAS                RUA ONESIO MANOEL BELARMINO N 75,       ANCHIETA    21625330RIO DE JANEIRO RJUNIAO UMB DOS CULTOS AFRO BRAS    28021915 000015
10231987175000168817800093673    000035557                    000355570000000000000109                     I0235557     28021900000000040003410000017N261218105700000000000102802190000000000000000000000000000000000000000100046858229787IOLANDA CUSTODIA DA ROSA                RUA CLODOMIR LUCAS DOS REISN 14,        JACAREPAGUA 22713562RIO DE JANEIRO RJUNIAO UMB DOS CULTOS AFRO BRAS    28021915 000016
9                                                                                                                                                                                                                                                                                                                                                                                                         000017
