01REMESSA01COBRANCA       817800093673        União Umb dos Cultos Afro Bra341BANCO ITAU SA  090118                                                                                                                                                                                                                                                                                                      000001
10231987175000168817800093673    00005354                     000053540000000000000109                     I015354      31011800000000035003410000017N261217050900000000000103101180000000000000000000000000000000000000000100071567747784MARIA DO CARMO MARIANO DOS SAN          RUA PERI, SN LOTE 36                    EDEN - SAO J25535162SAO JOAO DE MERRJUNIAO UMB DOS CULTOS AFRO BRAS    31011810 000002
10231987175000168817800093673    00005353                     000053530000000000000109                     I015353      31011800000000035003410000017N261217050900000000000103101180000000000000000000000000000000000000000100009856785774RAQUEL APARECIDA PEREIRA FLORE          RUA FRANCISACA ESTEVAO, 362             VALENCA - RI27600000RIO DE JANEIRO RJUNIAO UMB DOS CULTOS AFRO BRAS    31011810 000003
10231987175000168817800093673    00005352                     000053520000000000000109                     I015352      31011800000000035003410000017N261217050900000000000103101180000000000000000000000000000000000000000100033291241720MARIA JOSE LOPES SOUSA                  RUA ALTAMIRO DOMICIANO DA CRUZ, LOTE 3 QSANTA CANDID23830640ITAGUAI        RJUNIAO UMB DOS CULTOS AFRO BRAS    31011810 000004
10231987175000168817800093673    00005351                     000053510000000000000109                     I015351      31011800000000035003410000017N261217050900000000000103101180000000000000000000000000000000000000000100003351716729WAGNER CONCEICAO DO NASCIMENTO          RUA CRISANTEMOS, 152 CASA 48 FRENTE - SAHITERLAND - 26171430BELFORD ROXO   RJUNIAO UMB DOS CULTOS AFRO BRAS    31011810 000005
10231987175000168817800093673    00005350                     000053500000000000000109                     I015350      31011800000000035003410000017N261217050900000000000103101180000000000000000000000000000000000000000100091126037753SHEILA DE CARVALHO ALVARES              RUA MAGALHAES CASTRO, 111 FUNDOS        RIACHUELO - 20961020RIO DE JANEIRO RJUNIAO UMB DOS CULTOS AFRO BRAS    31011810 000006
10231987175000168817800093673    00005349                     000053490000000000000109                     I015349      31011800000000035003410000017N261217050900000000000103101180000000000000000000000000000000000000000100069496161715JANICE DE CARVALHO                      RUA BRISA DO VALE, LOTE 23 QUADRA E     CURICICA - J22710530RIO DE JANEIRO RJUNIAO UMB DOS CULTOS AFRO BRAS    31011810 000007
10231987175000168817800093673    00005348                     000053480000000000000109                     I015348      31011800000000035003410000017N261217050900000000000103101180000000000000000000000000000000000000000100011080748717ALVARO CHIANELLI DE AZEREDO             RUA ANDRE AZEVEDO, 87                   OLARIA - RJ 21021480RIO DE JANEIRO RJUNIAO UMB DOS CULTOS AFRO BRAS    31011810 000008
10231987175000168817800093673    00005346                     000053460000000000000109                     I015346      31011800000000035003410000017N261217050900000000000103101180000000000000000000000000000000000000000100059374179768ROSANGELA MARIA DE CASTRO BEZE          RUA DONA ISABEL, 1170                   BONSUCESSO -21032060RIO DE JANEIRO RJUNIAO UMB DOS CULTOS AFRO BRAS    31011810 000009
10231987175000168817800093673    00005345                     000053450000000000000109                     I015345      31011800000000035003410000017N261217050900000000000103101180000000000000000000000000000000000000000100001556268767ANTONIO CARLOS DA CONCEICAO SA          RUA EMILIA MARTINS  84                  VILA MARTINS26043010NOVA IGUACU    RJUNIAO UMB DOS CULTOS AFRO BRAS    31011810 000010
10231987175000168817800093673    00005344                     000053440000000000000109                     I015344      31011800000000035003410000017N261217050900000000000103101180000000000000000000000000000000000000000100061143766768RITA CRISTINA BENJAMIN CORREA           RUA ROSEO FONTES, 743 FUNDOS            SANTA DALILA25921000MAGE           RJUNIAO UMB DOS CULTOS AFRO BRAS    31011810 000011
10231987175000168817800093673    00005342                     000053420000000000000109                     I015342      31011800000000035003410000017N261217050900000000000103101180000000000000000000000000000000000000000100026659840753IVANI DE OLIVEIRA COUTO                 RUA ITAJUBARA, 66                       RAMOS - RIO 21060180RIO DE JANEIRO RJUNIAO UMB DOS CULTOS AFRO BRAS    31011810 000012
10231987175000168817800093673    00005341                     000053410000000000000109                     I015341      31011800000000035003410000017N261217050900000000000103101180000000000000000000000000000000000000000100005209152758LAZARO OLIVEIRA DE ARAUJO               RUA CONEGO GOULARD, 1045                NEVES - SAO 24400000SAO GONCALO    RJUNIAO UMB DOS CULTOS AFRO BRAS    31011810 000013
10231987175000168817800093673    00005339                     000053390000000000000109                     I015339      31011800000000035003410000017N261217050900000000000103101180000000000000000000000000000000000000000100088873366791CRISTINA SOUZA CAVALCANTE               RUA ARALIA, 345                         CURICICA - J22710010RIO DE JANEIRO RJUNIAO UMB DOS CULTOS AFRO BRAS    31011810 000014
10231987175000168817800093673    00005338                     000053380000000000000109                     I015338      31011800000000035003410000017N261217050900000000000103101180000000000000000000000000000000000000000100081929773749OSMAR FERREIRA DA SILVA                 ESTRADA BENTO BARBOSA DE CARVALHO, 2931 TINGUA - NOV26062460NOVA IGUACU    RJUNIAO UMB DOS CULTOS AFRO BRAS    31011810 000015
10231987175000168817800093673    00005337                     000053370000000000000109                     I015337      31011800000000035003410000017N261217050900000000000103101180000000000000000000000000000000000000000100001645493741MARIA FERRAZ DO NASCIMENTO              RUA A JOAO IZAQUE, 292                  BELVEDERE - 27113350BARRA DO PIRAI RJUNIAO UMB DOS CULTOS AFRO BRAS    31011810 000016
10231987175000168817800093673    00005336                     000053360000000000000109                     I015336      31011800000000035003410000017N261217050900000000000103101180000000000000000000000000000000000000000100081891423720MAURO DINIZ                             RUA CINQUENTA E UM, LT 10 QDA 194 CASA 2JARDIM ATLAN24934625MARICA         RJUNIAO UMB DOS CULTOS AFRO BRAS    31011810 000017
10231987175000168817800093673    00005335                     000053350000000000000109                     I015335      31011800000000035003410000017N261217050900000000000103101180000000000000000000000000000000000000000100007702380764MARIA DO ROSARIO REZENDE                RUA ALCINO GUANABARA, 281               CENTRO - GUA25940000GUAPIMIRIM     RJUNIAO UMB DOS CULTOS AFRO BRAS    31011810 000018
10231987175000168817800093673    00005334                     000053340000000000000109                     I015334      31011800000000035003410000017N261217050900000000000103101180000000000000000000000000000000000000000100004462221788ALEXANDRO JULIO DE SOUZA                RUA CORURIPE, 410                       MARECHAL HER21555490RIO DE JANEIRO RJUNIAO UMB DOS CULTOS AFRO BRAS    31011810 000019
10231987175000168817800093673    00005333                     000053330000000000000109                     I015333      31011800000000035003410000017N261217050900000000000103101180000000000000000000000000000000000000000100002558274740RITA DE CASSIA BRITO DE SOUZA           RUA HOMERO PINTO CAPUTO, 90 CASA 102    BANGU - RIO 21863080RIO DE JANEIRO RJUNIAO UMB DOS CULTOS AFRO BRAS    31011810 000020
10231987175000168817800093673    00005332                     000053320000000000000109                     I015332      31011800000000035003410000017N261217050900000000000103101180000000000000000000000000000000000000000100091228239720MIRIAN DA SILVA PEREIRA                 RUA  NORDESTE  40   JARDIM PARAISO 2    NOVA IGUACU 26000000RIO DE JANEIRO RJUNIAO UMB DOS CULTOS AFRO BRAS    31011810 000021
10231987175000168817800093673    00005331                     000053310000000000000109                     I015331      31011800000000035003410000017N261217050900000000000103101180000000000000000000000000000000000000000100096266031787CARLA DE FRANCA                         RUA REGINA, 15 B QUADRA F               PARQUE SUECI26187110BELFORD ROXO   RJUNIAO UMB DOS CULTOS AFRO BRAS    31011810 000022
10231987175000168817800093673    00005330                     000053300000000000000109                     I015330      31011800000000035003410000017N261217050900000000000103101180000000000000000000000000000000000000000100003019825709BARBARA CRISPINIANO SIMOES CUN          RUA DOUTOR MARIO VALADARES, 568         CENTRO - NIL26535338NILOPOLIS      RJUNIAO UMB DOS CULTOS AFRO BRAS    31011810 000023
10231987175000168817800093673    00005329                     000053290000000000000109                     I015329      31011800000000035003410000017N261217050900000000000103101180000000000000000000000000000000000000000100037551868704NAKAYRA DA MOTTA LOBO                   RUA DOUTOR ARTUR MARTINS, 182           MUTUA - SAO 24460350SAO GONCALO    RJUNIAO UMB DOS CULTOS AFRO BRAS    31011810 000024
10231987175000168817800093673    00005328                     000053280000000000000109                     I015328      31011800000000035003410000017N261217050900000000000103101180000000000000000000000000000000000000000100021973989700NILZA ARAGUEZ                           RUA PAJURA, 117 BLOCO 2 APTO 106        TAQUARA - RI22740210RIO DE JANEIRO RJUNIAO UMB DOS CULTOS AFRO BRAS    31011810 000025
10231987175000168817800093673    00005326                     000053260000000000000109                     I015326      31011800000000035003410000017N261217050900000000000103101180000000000000000000000000000000000000000100065096100782TANIA REGINA FIRMINO                    RUA PARA, 13                            PILAR - DUQU25233060DUQUE DE CAXIASRJUNIAO UMB DOS CULTOS AFRO BRAS    31011810 000026
10231987175000168817800093673    00005324                     000053240000000000000109                     I015324      31011800000000035003410000017N261217050900000000000103101180000000000000000000000000000000000000000100027788199753FABIO FERNANDES DE SOUZA                ESTRADA DE SAO FRANCISCO N 1585         SAO FRANCISC25900000MAGE           RJUNIAO UMB DOS CULTOS AFRO BRAS    31011810 000027
10231987175000168817800093673    00005323                     000053230000000000000109                     I015323      31011800000000035003410000017N261217050900000000000103101180000000000000000000000000000000000000000100002134169729ALEXANDRE DE ALMEIDA                    RUA SERITINGA, 105 BLOCO 5 APTO 108 FUNDBRAS DE PINA21215480RIO DE JANEIRO RJUNIAO UMB DOS CULTOS AFRO BRAS    31011810 000028
10231987175000168817800093673    00005322                     000053220000000000000109                     I015322      31011800000000035003410000017N261217050900000000000103101180000000000000000000000000000000000000000100000218582765LUIZ CARLOS DO AMARAL                   RUA TRIMONTE QUADRA 9 LOTE 44           PARQUE BOM R25223820DUQUE DE CAXIASRJUNIAO UMB DOS CULTOS AFRO BRAS    31011810 000029
10231987175000168817800093673    00005321                     000053210000000000000109                     I015321      31011800000000035003410000017N261217050900000000000103101180000000000000000000000000000000000000000100096270500753REINALDO MONTEIRO                       RUA: PINTO GOMES N 253 APT 305          OSWALDO CRUZ21341010RIO DE JANEIRO RJUNIAO UMB DOS CULTOS AFRO BRAS    31011810 000030
10231987175000168817800093673    00005320                     000053200000000000000109                     I015320      31011800000000035003410000017N261217050900000000000103101180000000000000000000000000000000000000000100067293816715SCHEYLA ARNALDO                         RUA JOSE SOMBRA N 260 BLOCO C APT 202   IRAJA - RIO 21230240RIO DE JANEIRO RJUNIAO UMB DOS CULTOS AFRO BRAS    31011810 000031
10231987175000168817800093673    00005319                     000053190000000000000109                     I015319      31011800000000035003410000017N261217050900000000000103101180000000000000000000000000000000000000000100011741673780BRUNO SANTOS CARDOSO                    RUA CARTIER                             DUQUE DE CAX25212100DUQUE DE CAXIASRJUNIAO UMB DOS CULTOS AFRO BRAS    31011810 000032
10231987175000168817800093673    00005318                     000053180000000000000109                     I015318      31011800000000035003410000017N261217050900000000000103101180000000000000000000000000000000000000000100058657231700IMPERALINA OLIVEIRA COSTA               AVENIDA MIGUEL COUTO N 75               PARQUE LAFAI25025505DUQUE DE CAXIASRJUNIAO UMB DOS CULTOS AFRO BRAS    31011810 000033
10231987175000168817800093673    00005317                     000053170000000000000109                     I015317      31011800000000035003410000017N261217050900000000000103101180000000000000000000000000000000000000000100007703254734ROBERTO DOS SANTOS CARVALHO             RUA PARA LOTE 12 QUADRA 11              SARACURUNA -25225000DUQUE DE CAXIASRJUNIAO UMB DOS CULTOS AFRO BRAS    31011810 000034
10231987175000168817800093673    00005315                     000053150000000000000109                     I015315      31011800000000035003410000017N261217050900000000000103101180000000000000000000000000000000000000000100007609502707WALDENILSON DUARTE DOS SANTOS           RUA CAMPISTA 90                         CABUCU - NOV26355500RIO DE JANEIRO RJUNIAO UMB DOS CULTOS AFRO BRAS    31011810 000035
10231987175000168817800093673    00005314                     000053140000000000000109                     I015314      31011800000000035003410000017N261217050900000000000103101180000000000000000000000000000000000000000100063345862700GLORIA MARIA DAMASCENO DE OLIV          AVENIDA JOSE MARIANO PASSOS N 1495      CENTRO - BEL26130570BELFORD ROXO   RJUNIAO UMB DOS CULTOS AFRO BRAS    31011810 000036
10231987175000168817800093673    00005313                     000053130000000000000109                     I015313      31011800000000035003410000017N261217050900000000000103101180000000000000000000000000000000000000000100002096604737GISELLE BRAGA TORRES DE SOUZA           RUA LEOPOLDINA REGO N 619 APT 1005      OLARIA - RIO21021523RIO DE JANEIRO RJUNIAO UMB DOS CULTOS AFRO BRAS    31011810 000037
10231987175000168817800093673    00005312                     000053120000000000000109                     I015312      31011800000000035003410000017N261217050900000000000103101180000000000000000000000000000000000000000100022958908291JOSE WILSON SCHARTZ BITTENCOUR          RUA GERALDO RIBEIRO N 345               PORTO NOVO -24435690SAO GONCALO    RJUNIAO UMB DOS CULTOS AFRO BRAS    31011810 000038
10231987175000168817800093673    00005311                     000053110000000000000109                     I015311      31011800000000035003410000017N261217050900000000000103101180000000000000000000000000000000000000000100077165772718EDNA SANTOS DA TRINDADE                 ESTRADA DO PIAI N 3910 - QUADRA B CASA 7SEPETIBA - R23530610RIO DE JANEIRI RJUNIAO UMB DOS CULTOS AFRO BRAS    31011810 000039
10231987175000168817800093673    00005310                     000053100000000000000109                     I015310      31011800000000035003410000017N261217050900000000000103101180000000000000000000000000000000000000000100060856467715JANAINA COELHO MELO                     O MESMO                                 O MESMO     21361420RIO DE JANEIRO RJUNIAO UMB DOS CULTOS AFRO BRAS    31011810 000040
10231987175000168817800093673    00005308                     000053080000000000000109                     I015308      31011800000000035003410000017N261217050900000000000103101180000000000000000000000000000000000000000100085485527787CHEILA CRISTINA DA ROCHA SANTO          RUA MARIA SANTANA FERNANDES QUADRA 4 LOTJARDIM ACACI23845250SEROPEDICA     RJUNIAO UMB DOS CULTOS AFRO BRAS    31011810 000041
10231987175000168817800093673    00005307                     000053070000000000000109                     I015307      31011800000000035003410000017N261217050900000000000103101180000000000000000000000000000000000000000100000255430752JUACIRA ALVES TOTTA                     RUA DOS RUBIS N 519                     ROCHA MIRAND21510011RIO DE JANEIRO RJUNIAO UMB DOS CULTOS AFRO BRAS    31011810 000042
10231987175000168817800093673    00005306                     000053060000000000000109                     I015306      31011800000000035003410000017N261217050900000000000103101180000000000000000000000000000000000000000100008067836728BRUNO HENRIQUE DA COSTA SILVA           O MESMO                                 O MESMO     21361360RIO DE JANEIRO RJUNIAO UMB DOS CULTOS AFRO BRAS    31011810 000043
10231987175000168817800093673    00005305                     000053050000000000000109                     I015305      31011800000000035003410000017N261217050900000000000103101180000000000000000000000000000000000000000100008774131770CLEYSON MANHAES NERY                    RUA CORONEL BARROS N 288                PARQUE SARAI28110000CAMPO DOS GOYTARJUNIAO UMB DOS CULTOS AFRO BRAS    31011810 000044
10231987175000168817800093673    00005304                     000053040000000000000109                     I015304      31011800000000035003410000017N261217050900000000000103101180000000000000000000000000000000000000000100002911521714JUPIRA COSTA SOARES                     RUA TRINTA E DOIS LOTE 14 QUADRA 214    CAMPO LINDO 23890000SEROPEDICA     RJUNIAO UMB DOS CULTOS AFRO BRAS    31011810 000045
10231987175000168817800093673    00005303                     000053030000000000000109                     I015303      31011800000000035003410000017N261217050900000000000103101180000000000000000000000000000000000000000100041247078787ANTONIO NARCISO RUSSI DA SILVA          RUA DEOLINDA MARTINS N 359 KM 42        JARDIM CENTR23845110SEROPEDICA     RJUNIAO UMB DOS CULTOS AFRO BRAS    31011810 000046
10231987175000168817800093673    00005302                     000053020000000000000109                     I015302      31011800000000035003410000017N261217050900000000000103101180000000000000000000000000000000000000000100045935530759SUELI MONTANHA GOMES                    RUA PAULINO DE OLIVEIRA N 345 - CENTRAL CENTRAL - CA23080670CAMPO GRANDE   RJUNIAO UMB DOS CULTOS AFRO BRAS    31011810 000047
10231987175000168817800093673    00005301                     000053010000000000000109                     I015301      31011800000000035003410000017N261217050900000000000103101180000000000000000000000000000000000000000100088046060704NATALINA DE JESUS PEREIRA DE O          RUA SAPOPEMBA N 524                     BENTO RIBEIR21331240RIO DE JANEIRO RJUNIAO UMB DOS CULTOS AFRO BRAS    31011810 000048
10231987175000168817800093673    00005300                     000053000000000000000109                     I015300      31011800000000035003410000017N261217050900000000000103101180000000000000000000000000000000000000000100050825860768YEDA PEREIRA DA SILVA                   RUA TRINTA E QUATRO LOTE 22 QUADRA 180  CAMPO LINDO 23890000SEROPEDICA     RJUNIAO UMB DOS CULTOS AFRO BRAS    31011810 000049
10231987175000168817800093673    00005299                     000052990000000000000109                     I015299      31011800000000035003410000017N261217050900000000000103101180000000000000000000000000000000000000000100072148675753ROGERIO TEIXEIRA TEOFILO                RUA BOM JARDIM N 40 - CABUCU            CABUCU - NOV26347225NOVA IGUACU    RJUNIAO UMB DOS CULTOS AFRO BRAS    31011810 000050
10231987175000168817800093673    00005298                     000052980000000000000109                     I015298      31011800000000035003410000017N261217050900000000000103101180000000000000000000000000000000000000000100087868172720ADHEMAR ACHILLES AVILLA JUNIOR          RUA: PADRE GIL Nº 20                   PARQUE BONEV25907096RIO DE JANEIRO RJUNIAO UMB DOS CULTOS AFRO BRAS    31011810 000051
10231987175000168817800093673    00005297                     000052970000000000000109                     I015297      31011800000000035003410000017N261217050900000000000103101180000000000000000000000000000000000000000100083762507791LOURIZETE SANTOS DA SILVA LEIT          RUA MARIA RITA                          PORTO NOVO -24431740SAO GONCALO    RJUNIAO UMB DOS CULTOS AFRO BRAS    31011810 000052
10231987175000168817800093673    00005296                     000052960000000000000109                     I015296      31011800000000035003410000017N261217050900000000000103101180000000000000000000000000000000000000000100000672393743RAFAEL CASAMASSO DA COSTA               RUA JOAO CAETANO N 198 A                CENTRO - PET25610010PETROPOLIS     RJUNIAO UMB DOS CULTOS AFRO BRAS    31011810 000053
10231987175000168817800093673    00005295                     000052950000000000000109                     I015295      31011800000000035003410000017N261217050900000000000103101180000000000000000000000000000000000000000100049214276749MARIA CELESTE HORACIO REIS              RUA QUARENTA E CINCO LOTE 20 QUADRA 230 CAMPO LINDO 23890000NOVA IGUACU    RJUNIAO UMB DOS CULTOS AFRO BRAS    31011810 000054
10231987175000168817800093673    00005294                     000052940000000000000109                     I015294      31011800000000035003410000017N261217050900000000000103101180000000000000000000000000000000000000000100095949925734RITA DE CASSIA COCCARO                  RUA JUCARI N 563                        IRAJA - RIO 21371320RIO DE JANEIRO RJUNIAO UMB DOS CULTOS AFRO BRAS    31011810 000055
10231987175000168817800093673    00005293                     000052930000000000000109                     I015293      31011800000000035003410000017N261217050900000000000103101180000000000000000000000000000000000000000100071757724753MIGUEL ABRAHAO FILHO                    RUA FRANCISCO ANTONIO NASCIMENTO QUADRA MIGUEL COUTO26070467NOVA IGUACU    RJUNIAO UMB DOS CULTOS AFRO BRAS    31011810 000056
10231987175000168817800093673    00005292                     000052920000000000000109                     I015292      31011800000000035003410000017N261217050900000000000103101180000000000000000000000000000000000000000100085212091772ADAO DIAS FUNCHAL FILHO                 RUA WALTER FERREIRA, 1752 - SAO FRANCISCMAUA - MAGE 25900000MAGE           RJUNIAO UMB DOS CULTOS AFRO BRAS    31011810 000057
10231987175000168817800093673    00005291                     000052910000000000000109                     I015291      31011800000000035003410000017N261217050900000000000103101180000000000000000000000000000000000000000100033205094700IRACEMA PAZ DA MOTTA                    RUA PADRE ILDEFONSO PENALBA N 90 BLOCO 1MEIER - RIO 20775020RIO DE JANEIRO RJUNIAO UMB DOS CULTOS AFRO BRAS    31011810 000058
10231987175000168817800093673    00005290                     000052900000000000000109                     I015290      31011800000000035003410000017N261217050900000000000103101180000000000000000000000000000000000000000100077597443749RONALDO SILVA DOS SANTOS                RUA: ITAPECERICA N 265 CASA 5           REALENGO - R21730190RIO DE JANEIRO RJUNIAO UMB DOS CULTOS AFRO BRAS    31011810 000059
10231987175000168817800093673    00005289                     000052890000000000000109                     I015289      31011800000000035003410000017N261217050900000000000103101180000000000000000000000000000000000000000100092080570706EUZAMAR FONSECA SANTOS                  RUA DONA EMILIA N 195 CASA 4            INHAUMA - RI20765110RIO DE JANEIRO RJUNIAO UMB DOS CULTOS AFRO BRAS    31011810 000060
10231987175000168817800093673    00005288                     000052880000000000000109                     I015288      31011800000000035003410000017N261217050900000000000103101180000000000000000000000000000000000000000100043641717787YWONE AMELIA VAZ COSTA                  RUA CASTRO MENEZES N 284 CASA 1         BRAZ DE PINA21215250RIO DE JANEIRO RJUNIAO UMB DOS CULTOS AFRO BRAS    31011810 000061
10231987175000168817800093673    00005287                     000052870000000000000109                     I015287      31011800000000035003410000017N261217050900000000000103101180000000000000000000000000000000000000000100000633999709KATIA REGINA LEITE RAMOS                RUA GUIRATIM N 260                      IRAJA - RIO 21371410RIO DE JANEIRO RJUNIAO UMB DOS CULTOS AFRO BRAS    31011810 000062
10231987175000168817800093673    00005286                     000052860000000000000109                     I015286      31011800000000035003410000017N261217050900000000000103101180000000000000000000000000000000000000000100041795458704VERA LUCIA DE MACEDO                    RUA JOSE CARLOS PACE, 50 CASA 50        CENTRO - MAR24900000MARICA         RJUNIAO UMB DOS CULTOS AFRO BRAS    31011810 000063
10231987175000168817800093673    00005285                     000052850000000000000109                     I015285      31011800000000035003410000017N261217050900000000000103101180000000000000000000000000000000000000000100063761092768JANET BATISTA DA CONCEICAO              RUA SERRA VELHA, 41                     RAIZ DA SERR25935000MAGE           RJUNIAO UMB DOS CULTOS AFRO BRAS    31011810 000064
10231987175000168817800093673    00005284                     000052840000000000000109                     I015284      31011800000000035003410000017N261217050900000000000103101180000000000000000000000000000000000000000100064304345753MARIA ELISABETH DE OLIVEIRA CA          O MESMO                                 O MESMO     25670010PETROPOLIS     RJUNIAO UMB DOS CULTOS AFRO BRAS    31011810 000065
10231987175000168817800093673    00005282                     000052820000000000000109                     I015282      31011800000000035003410000017N261217050900000000000103101180000000000000000000000000000000000000000100048507458734MARCOS DE OLIVEIRA ROSA                 RUA CALDAS NOVAS N 135                  VILA ZULMIRA25540530SAO JOAO DE MERRJUNIAO UMB DOS CULTOS AFRO BRAS    31011810 000066
10231987175000168817800093673    00005281                     000052810000000000000109                     I015281      31011800000000035003410000017N261217050900000000000103101180000000000000000000000000000000000000000100054504430720ISABELA BARBOSA LIMA DA SILVA           RUA SOUSA BARROS N 106 A FUNDOS         ENGENHO NOVO20961150RIO DE JANEIRO RJUNIAO UMB DOS CULTOS AFRO BRAS    31011810 000067
10231987175000168817800093673    00005280                     000052800000000000000109                     I015280      31011800000000035003410000017N261217050900000000000103101180000000000000000000000000000000000000000100008013752747GIVANILDO MENDES LAGOA                  RUA DOS CORAIS LOTE 19 QUADRA 46 CASA 3 PIRATININGA 24320358NITEROI        RJUNIAO UMB DOS CULTOS AFRO BRAS    31011810 000068
10231987175000168817800093673    00005279                     000052790000000000000109                     I015279      31011800000000035003410000017N261217050900000000000103101180000000000000000000000000000000000000000100004121499743ELENICE FIGUEIREDO DA SILVA             O MESMO                                 O MESMO     24230210NITEROI        RJUNIAO UMB DOS CULTOS AFRO BRAS    31011810 000069
10231987175000168817800093673    00005278                     000052780000000000000109                     I015278      31011800000000035003410000017N261217050900000000000103101180000000000000000000000000000000000000000100037356178753TEREZA BRAGA DE AZEVEDO                 RUA ANDRE ROCHA N 224                   TAQUARA - RI22730522RIO DE JANEIRO RJUNIAO UMB DOS CULTOS AFRO BRAS    31011810 000070
10231987175000168817800093673    00005277                     000052770000000000000109                     I015277      31011800000000035003410000017N261217050900000000000103101180000000000000000000000000000000000000000100005199150707RITA LUSIE DE MELLO CASTRO              RUA IARA N 118 CASA A                   SAO MATEUS -25525410SAO JOAO DE MERRJUNIAO UMB DOS CULTOS AFRO BRAS    31011810 000071
10231987175000168817800093673    00005276                     000052760000000000000109                     I015276      31011800000000035003410000017N261217050900000000000103101180000000000000000000000000000000000000000100047515090715JOSE CARLOS DA SILVA GENUNCIO           RUA VEREADOR MAURICIO SOUZA N 97        ENGENHOCA - 24110539NITEROI        RJUNIAO UMB DOS CULTOS AFRO BRAS    31011810 000072
10231987175000168817800093673    00005275                     000052750000000000000109                     I015275      31011800000000035003410000017N261217050900000000000103101180000000000000000000000000000000000000000100085127183749CLAUDIA JORGE DA SILVA GAMA             RUA DAS MANGUEIRAS N 249                PIEDADE - RI20751080RIO DE JANEIRO RJUNIAO UMB DOS CULTOS AFRO BRAS    31011810 000073
10231987175000168817800093673    00005274                     000052740000000000000109                     I015274      31011800000000035003410000017N261217050900000000000103101180000000000000000000000000000000000000000100038232103787SUZANE LEMOS DA SILVA                   RUA ASSIS REPUBLICANO N 310 FUNDOS      FREGUESIA - 22745030RIO DE JANEIRO RJUNIAO UMB DOS CULTOS AFRO BRAS    31011810 000074
10231987175000168817800093673    00005273                     000052730000000000000109                     I015273      31011800000000035003410000017N261217050900000000000103101180000000000000000000000000000000000000000100006935690773ELAINE DA COSTA MARTINS                 O MESMO                                 O MESMO     25220407DUQUE DE CAXIASRJUNIAO UMB DOS CULTOS AFRO BRAS    31011810 000075
10231987175000168817800093673    00005272                     000052720000000000000109                     I015272      31011800000000035003410000017N261217050900000000000103101180000000000000000000000000000000000000000100013540201756RUTE MEDEIROS VIEIRA                    RUA DESSESEIS N 527                     CONJUNTO NOV23565450SANTA CRUZ     RJUNIAO UMB DOS CULTOS AFRO BRAS    31011810 000076
10231987175000168817800093673    00005271                     000052710000000000000109                     I015271      31011800000000035003410000017N261217050900000000000103101180000000000000000000000000000000000000000100090876857772MARCO AURELIO PEREIRA VASCONCE          RUA VISCONDE DE OURO PRETO N 5          TAUA - ILHA 21910520ILHA DO GOVERNARJUNIAO UMB DOS CULTOS AFRO BRAS    31011810 000077
10231987175000168817800093673    00005270                     000052700000000000000109                     I015270      31011800000000035003410000017N261217050900000000000103101180000000000000000000000000000000000000000100037125893791ELIANA DOS SANTOS VITAL                 RUA CAPITAO VIEIRA Nº 96               TURIACU - RI21540330RIO DE JANEIRO RJUNIAO UMB DOS CULTOS AFRO BRAS    31011810 000078
10231987175000168817800093673    00005269                     000052690000000000000109                     I015269      31011800000000035003410000017N261217050900000000000103101180000000000000000000000000000000000000000100005426043701CLARA DANIELE BROWN FLAUZINO            RUA ZAMBIA N 29                         BANGU - RIO 21850510RIO DE JANEIRO RJUNIAO UMB DOS CULTOS AFRO BRAS    31011810 000079
10231987175000168817800093673    00005267                     000052670000000000000109                     I015267      31011800000000035003410000017N261217050900000000000103101180000000000000000000000000000000000000000100000357281756ROSA ELENA DA CONCEICAO ALVES           TRAVESSA TIRADENTES N 23 CASA 4         OLINDA - NIL26535370NILOPOLIS      RJUNIAO UMB DOS CULTOS AFRO BRAS    31011810 000080
10231987175000168817800093673    00005265                     000052650000000000000109                     I015265      31011800000000035003410000017N261217050900000000000103101180000000000000000000000000000000000000000100041402685734ITAMAR DE OLIVEIRA FERREIRA             RUA AGRIPINO DE CAMPOS N 1016           MUTUA - SAO 24461320SAO GONCALO    RJUNIAO UMB DOS CULTOS AFRO BRAS    31011810 000081
10231987175000168817800093673    00005264                     000052640000000000000109                     I015264      31011800000000035003410000017N261217050900000000000103101180000000000000000000000000000000000000000100067160891791ELIZABETH VIEGAS GUALHANO               RUA MARIZ DE BARROS N 272 APT° 302     PRACA DA BAN20785330RIO DE JANEIRO RJUNIAO UMB DOS CULTOS AFRO BRAS    31011810 000082
10231987175000168817800093673    00005263                     000052630000000000000109                     I015263      31011800000000035003410000017N261217050900000000000103101180000000000000000000000000000000000000000100003661917100DUCILENE MADEIRA VIEIRA                 AVENIDA ZELINHA N 362                   JARDIM NAZAR25915000MAGE           RJUNIAO UMB DOS CULTOS AFRO BRAS    31011810 000083
10231987175000168817800093673    00005262                     000052620000000000000109                     I015262      31011800000000035003410000017N261217050900000000000103101180000000000000000000000000000000000000000100068754485720LUCIA DA CONCEICAO GREGORIO             RUA PAULO OLIVEIRA DE CARVALHO N 56     VILA SAO LUI26012510NOVA IGUACU    RJUNIAO UMB DOS CULTOS AFRO BRAS    31011810 000084
10231987175000168817800093673    00005261                     000052610000000000000109                     I015261      31011800000000035003410000017N261217050900000000000103101180000000000000000000000000000000000000000100002167919794ANDERSON CLEI BRANDAO TEIXEIRA          ESTRADA DO CANTAGALO Nº 595 A          CAMPO GRANDE23036440RIO DE JANEIRO RJUNIAO UMB DOS CULTOS AFRO BRAS    31011810 000085
10231987175000168817800093673    00005260                     000052600000000000000109                     I015260      31011800000000035003410000017N261217050900000000000103101180000000000000000000000000000000000000000100008874438770MARCIA MARIA DOS SANTOS                 RUA HENRIQUE VALADARES N 47 APT 506     CENTRO - RJ 20231030RIO DE JANEIRO RJUNIAO UMB DOS CULTOS AFRO BRAS    31011810 000086
10231987175000168817800093673    00005259                     000052590000000000000109                     I015259      31011800000000035003410000017N261217050900000000000103101180000000000000000000000000000000000000000100008083468738WAGNER DE ANDRADE SACRAMENTO            RUA SAGRADO CORACAO DE JESUS 243        NILOPOLIS   26535140NILOPOLIS      RJUNIAO UMB DOS CULTOS AFRO BRAS    31011810 000087
10231987175000168817800093673    00005257                     000052570000000000000109                     I015257      31011800000000035003410000017N261217050900000000000103101180000000000000000000000000000000000000000100084161973772MARCOS ANTONIO VIEIRA BAPTISTA          RUA CARLOS GONCALVES PENNA, 42          ENGENHO DA R20761330RIO DE JANEIRO RJUNIAO UMB DOS CULTOS AFRO BRAS    31011810 000088
10231987175000168817800093673    00005255                     000052550000000000000109                     I015255      31011800000000035003410000017N261217050900000000000103101180000000000000000000000000000000000000000100002190466709CARLOS ROBERTO RIBEIRO DA CONC          RUA NOSSA SENHORA DAS GRACAS N 40       MOSELA - PET25675111PETROPOLIS     RJUNIAO UMB DOS CULTOS AFRO BRAS    31011810 000089
10231987175000168817800093673    00005253                     000052530000000000000109                     I015253      31011800000000035003410000017N261217050900000000000103101180000000000000000000000000000000000000000100043194869787JORGE PINHEIRO DE ALMEIDA               RUA CERQUEIRA CESAR N 121 CASA 1        MADUREIRA - 21351070RIO DE JANEIRO RJUNIAO UMB DOS CULTOS AFRO BRAS    31011810 000090
10231987175000168817800093673    00005252                     000052520000000000000109                     I015252      31011800000000035003410000017N261217050900000000000103101180000000000000000000000000000000000000000100000907631738IDA ANGELICA PEREIRA CALDAS             RUA SILVEIRA LOBO N 43                  CACHAMBI - R20780310RIO DE JANEIRO RJUNIAO UMB DOS CULTOS AFRO BRAS    31011810 000091
10231987175000168817800093673    00005251                     000052510000000000000109                     I015251      31011800000000035003410000017N261217050900000000000103101180000000000000000000000000000000000000000100074789600734SOLANGE MARTINS                         RUA ITAJIBA N 889                       COSMOS - RIO23060450RIO DE JANEIRO RJUNIAO UMB DOS CULTOS AFRO BRAS    31011810 000092
10231987175000168817800093673    00005250                     000052500000000000000109                     I015250      31011800000000035003410000017N261217050900000000000103101180000000000000000000000000000000000000000100086506439734DULCILENE EDUARDO                       RUA NOSSA SENHORA DA GUIA N 45          PIABETA - MA25931686MAGE           RJUNIAO UMB DOS CULTOS AFRO BRAS    31011810 000093
10231987175000168817800093673    00005249                     000052490000000000000109                     I015249      31011800000000035003410000017N261217050900000000000103101180000000000000000000000000000000000000000100075078392734MARCIA HELENA DE AZEVEDO MUNIZ          RUA OSMUNDO PIMENTEL, 70 CASA 1         BRAZ DE PINA00000001RIO DE JANEIRO RJUNIAO UMB DOS CULTOS AFRO BRAS    31011810 000094
10231987175000168817800093673    00005248                     000052480000000000000109                     I015248      31011800000000035003410000017N261217050900000000000103101180000000000000000000000000000000000000000100002418033732EDSON LUIZ ALVES DE CARVALHO            AVENIDA PORTO SEGURO, 526 ANTIGA RUA 30 LAGOMAR - MA27966870MACAE          RJUNIAO UMB DOS CULTOS AFRO BRAS    31011810 000095
10231987175000168817800093673    00005247                     000052470000000000000109                     I015247      31011800000000035003410000017N261217050900000000000103101180000000000000000000000000000000000000000100065196171720MARIA DAS GRACAS OLIVEIRA               RUA FRANCISCO MANOEL, 22                PONTO CHIQUE26032835NOVA IGUACU    RJUNIAO UMB DOS CULTOS AFRO BRAS    31011810 000096
10231987175000168817800093673    00005246                     000052460000000000000109                     I015246      31011800000000035003410000017N261217050900000000000103101180000000000000000000000000000000000000000100089080475734MARCIA MARIA CORREIA DA SILVA           RUA ALVARES CABRAL, 520                 CACHAMBI - R20780320RIO DE JANEIRO RJUNIAO UMB DOS CULTOS AFRO BRAS    31011810 000097
10231987175000168817800093673    00005244                     000052440000000000000109                     I015244      31011800000000035003410000017N261217050900000000000103101180000000000000000000000000000000000000000100058098445704ARLETE DA SILVA BARBOSA FRANCO          RUA DOUTOR MUNIZ, 71                    ROCHA SOBRIN26130020BELFORD ROXO   RJUNIAO UMB DOS CULTOS AFRO BRAS    31011810 000098
10231987175000168817800093673    00005243                     000052430000000000000109                     I015243      31011800000000035003410000017N261217050900000000000103101180000000000000000000000000000000000000000100057316600772ESTELA FERREIRA                         AVENIDA BORIS, 321                      MUTONDO  - S24422730SAO GONCALO    RJUNIAO UMB DOS CULTOS AFRO BRAS    31011810 000099
10231987175000168817800093673    00005242                     000052420000000000000109                     I015242      31011800000000035003410000017N261217050900000000000103101180000000000000000000000000000000000000000100007346014766LUCIANO FREIRE DE FRANCA                AV. AMARO CAVALCANTE, 2283 CASA 5       ENGENHO DE D20735042RIO DE JANEIRO RJUNIAO UMB DOS CULTOS AFRO BRAS    31011810 000100
10231987175000168817800093673    00005241                     000052410000000000000109                     I015241      31011800000000035003410000017N261217050900000000000103101180000000000000000000000000000000000000000100044631154772LINDOMAR SOARES BERNARDO                RUA FEIRA DE SANTANA, LOTE 8 QUADRA 17  PARQUE NOVO 25585100SAO JOAO DE MERRJUNIAO UMB DOS CULTOS AFRO BRAS    31011810 000101
10231987175000168817800093673    00005240                     000052400000000000000109                     I015240      31011800000000035003410000017N261217050900000000000103101180000000000000000000000000000000000000000100050942490763ANTONIO PAULO TRABACHINI                RUA DO CATETE, 347 LOJA 8               CATETE      22271100RIO DE JANEIRO RJUNIAO UMB DOS CULTOS AFRO BRAS    31011810 000102
10231987175000168817800093673    00005239                     000052390000000000000109                     I015239      31011800000000035003410000017N261217050900000000000103101180000000000000000000000000000000000000000100001145934773ELENICE DE SOUZA SILVA ARRUDA           RUA SEVERIANO MONTEIRO, 271 CASA 3      VISTA ALEGRE21235620RIO DE JANEIRO RJUNIAO UMB DOS CULTOS AFRO BRAS    31011810 000103
10231987175000168817800093673    00005238                     000052380000000000000109                     I015238      31011800000000035003410000017N261217050900000000000103101180000000000000000000000000000000000000000100031410715787LUZIA ELISIARIA DE FREITAS              RUA EXPEDICIONARIO JOSE AMARO, 84       VILA SAO LUI25065090DUQUE DE CAXIASRJUNIAO UMB DOS CULTOS AFRO BRAS    31011810 000104
10231987175000168817800093673    00005237                     000052370000000000000109                     I015237      31011800000000035003410000017N261217050900000000000103101180000000000000000000000000000000000000000100001256782742VANDA BARBOSA BASTOS                    RUA CERES, 1058                         BANGU - RIO 21862070RIO DE JANEIRO RJUNIAO UMB DOS CULTOS AFRO BRAS    31011810 000105
10231987175000168817800093673    00005236                     000052360000000000000109                     I015236      31011800000000035003410000017N261217050900000000000103101180000000000000000000000000000000000000000100011105998703FABRICIO SILVEIRA DE SOUZA              RUA: JOAO EVANGELISTA DE CARVALHO Nº 21CENTRO - NIL26520500NILOPOLIS      RJUNIAO UMB DOS CULTOS AFRO BRAS    31011810 000106
10231987175000168817800093673    00005235                     000052350000000000000109                     I015235      31011800000000035003410000017N261217050900000000000103101180000000000000000000000000000000000000000100051796546704VAGNER ERNESTO MACHADO                  RUA ARI RODRIGUES, 30 (ANTIGA ESTRADA DORIO DO OURO 24753580SAO GONCALO    RJUNIAO UMB DOS CULTOS AFRO BRAS    31011810 000107
10231987175000168817800093673    00005234                     000052340000000000000109                     I015234      31011800000000035003410000017N261217050900000000000103101180000000000000000000000000000000000000000100035838493704CELMO JOSE DE SOUZA                     RUA DA CONCEICAO, 188 SALA 1204 A B     CENTRO - NIT24020087NITEROI        RJUNIAO UMB DOS CULTOS AFRO BRAS    31011810 000108
10231987175000168817800093673    00005233                     000052330000000000000109                     I015233      31011800000000035003410000017N261217050900000000000103101180000000000000000000000000000000000000000100067267258753RITA DE CASSIA DIACOVO PELLITO          RUA ANDRE AZEVEDO, 87 CASA 101 BLOCO 25 OLARIA  - RI21021480RIO DE JANEIRO RJUNIAO UMB DOS CULTOS AFRO BRAS    31011810 000109
10231987175000168817800093673    00005232                     000052320000000000000109                     I015232      31011800000000035003410000017N261217050900000000000103101180000000000000000000000000000000000000000100093635540749REGINALDO ALVES DA SILVA                RUA FLAVIO CAVALCANTE, 268              CACHAMBU - P25615060PETROPOLIS     RJUNIAO UMB DOS CULTOS AFRO BRAS    31011810 000110
10231987175000168817800093673    00005231                     000052310000000000000109                     I015231      31011800000000035003410000017N261217050900000000000103101180000000000000000000000000000000000000000100088341534720RAIMUNDA BERNADINA DE OLIVEIRA          ESTRADA DA GAVEA - TRAVESSA UNIAO, 29 RUGAVEA - RIO 22451530RIO DE JANEIRO RJUNIAO UMB DOS CULTOS AFRO BRAS    31011810 000111
10231987175000168817800093673    00005230                     000052300000000000000109                     I015230      31011800000000035003410000017N261217050900000000000103101180000000000000000000000000000000000000000100085725730700MARIA LUCIA DA SILVA BORGES             RUA CACIPORE, 1273                      JARDIM OLAVO25036040DUQUE DE CAXIASRJUNIAO UMB DOS CULTOS AFRO BRAS    31011810 000112
10231987175000168817800093673    00005229                     000052290000000000000109                     I015229      31011800000000035003410000017N261217050900000000000103101180000000000000000000000000000000000000000100011778537790MARIVONE ANTONIA DOS SANTOS             O MESMO                                 O MESMO     26031512NOVA IGUACU    RJUNIAO UMB DOS CULTOS AFRO BRAS    31011810 000113
10231987175000168817800093673    00005228                     000052280000000000000109                     I015228      31011800000000035003410000017N261217050900000000000103101180000000000000000000000000000000000000000100045910303787PAULO ROBERTO DE OLIVEIRA DRUB          RUA ARGEMIRO DE HUNGRIA MACHADO, 195    GUADALUPE - 21670290RIO DE JANEIRO RJUNIAO UMB DOS CULTOS AFRO BRAS    31011810 000114
10231987175000168817800093673    00005227                     000052270000000000000109                     I015227      31011800000000035003410000017N261217050900000000000103101180000000000000000000000000000000000000000100085901512715ZENILDA MACHADO VICENTE LEITE           RUA VILLAGE IMPERIAL, 194               PARQUE MAMBU23954270ANGRA DOS REIS RJUNIAO UMB DOS CULTOS AFRO BRAS    31011810 000115
10231987175000168817800093673    00005226                     000052260000000000000109                     I015226      31011800000000035003410000017N261217050900000000000103101180000000000000000000000000000000000000000100003617355706INAIA DE MACEDO SANTOS                  TRAVESSA PARAIBA DO SUL, 35             NILOPOLIS - 26525470RIO DE JANEIRO RJUNIAO UMB DOS CULTOS AFRO BRAS    31011810 000116
10231987175000168817800093673    00005225                     000052250000000000000109                     I015225      31011800000000035003410000017N261217050900000000000103101180000000000000000000000000000000000000000100063607379734FATIMA CONCEICAO GONCALVES DA           RUA: AMANDIU Nº 63                     IRAJA - RIO 21371440RIO DE JANEIRO RJUNIAO UMB DOS CULTOS AFRO BRAS    31011810 000117
10231987175000168817800093673    00005224                     000052240000000000000109                     I015224      31011800000000035003410000017N261217050900000000000103101180000000000000000000000000000000000000000100085194557787CELIA MARIA FERNANDES DE CASTR          RUA IRAPIRANGA, 98                      ROCHA MIRAND21540710RIO DE JANEIRO RJUNIAO UMB DOS CULTOS AFRO BRAS    31011810 000118
10231987175000168817800093673    00005223                     000052230000000000000109                     I015223      31011800000000035003410000017N261217050900000000000103101180000000000000000000000000000000000000000100055224644704VALERIA DOS SANTOS NEVES                RUA FRANCISCA ZIEZE, 71                 PILARES - RI20750040RIO DE JANEIRIORJUNIAO UMB DOS CULTOS AFRO BRAS    31011810 000119
10231987175000168817800093673    00005222                     000052220000000000000109                     I015222      31011800000000035003410000017N261217050900000000000103101180000000000000000000000000000000000000000100055365795768YEDA BARROS DE AZEVEDO                  RUA SESSENTA E NOVE QUADRA, 332 LOTE 43 JARDIM ATLAN24910000MARICA         RJUNIAO UMB DOS CULTOS AFRO BRAS    31011810 000120
10231987175000168817800093673    00005221                     000052210000000000000109                     I015221      31011800000000035003410000017N261217050900000000000103101180000000000000000000000000000000000000000100068567855772ZAILDA MASCARENHAS DOS SANTOS           RUA FRANCISCO ANTONIO NASCIMENTO, 57    MIGUEL COUTO26070467RIO DE JANEIRO RJUNIAO UMB DOS CULTOS AFRO BRAS    31011810 000121
10231987175000168817800093673    00005220                     000052200000000000000109                     I015220      31011800000000035003410000017N261217050900000000000103101180000000000000000000000000000000000000000100047707569768BENEDITA LEOMIDIA DA COSTA              RUA NOSSA SENHORA DA GLORIA, 100        VILA MARIA H25251530DUQUE DE CAXIASRJUNIAO UMB DOS CULTOS AFRO BRAS    31011810 000122
10231987175000168817800093673    00005219                     000052190000000000000109                     I015219      31011800000000035003410000017N261217050900000000000103101180000000000000000000000000000000000000000100079583490768ZILDA VICENTE DA SILVA                  RUA MARIA COSTA CORREA, 129 QUADRA E    APOLO 2 - IT24800000ITABORAI       RJUNIAO UMB DOS CULTOS AFRO BRAS    31011810 000123
10231987175000168817800093673    00005218                     000052180000000000000109                     I015218      31011800000000035003410000017N261217050900000000000103101180000000000000000000000000000000000000000100005383774700VILMA MACEDO COIMBRA DOS SANTO          RUA TOQUIO, 571                         AGOSTINHO PO25545211SAO JOAO DE MERRJUNIAO UMB DOS CULTOS AFRO BRAS    31011810 000124
10231987175000168817800093673    00005217                     000052170000000000000109                     I015217      31011800000000035003410000017N261217050900000000000103101180000000000000000000000000000000000000000100007967809785FERNANDA PAULA SANTA ANNA HERN          TRAVESSA CHAFI CHAIA, 95                CAMPO GRANDE23052200RIO DE JANEIRO RJUNIAO UMB DOS CULTOS AFRO BRAS    31011810 000125
10231987175000168817800093673    00005216                     000052160000000000000109                     I015216      31011800000000035003410000017N261217050900000000000103101180000000000000000000000000000000000000000100009431078732LUCIA OLIVEIRA BONIFACIO                RUA NINA RIBEIRO, 67 FUNDOS             PAVUNA - RJ 21520290RIO DE JANEIRO RJUNIAO UMB DOS CULTOS AFRO BRAS    31011810 000126
10231987175000168817800093673    00005215                     000052150000000000000109                     I015215      31011800000000035003410000017N261217050900000000000103101180000000000000000000000000000000000000000100093473095753ALEXANDER NUNES PICANCO                 RUA REGISTRO, 315                       SENADOR CAMA21832270RIO DE JANEIRO RJUNIAO UMB DOS CULTOS AFRO BRAS    31011810 000127
10231987175000168817800093673    00005214                     000052140000000000000109                     I015214      31011800000000035003410000017N261217050900000000000103101180000000000000000000000000000000000000000100001942477759VILMA MARIA FARIA                       RUA CINQUENTA E SEIS, 473 QUADRA 50     SEPETIBA - R23520660RIO DE JANEIRO RJUNIAO UMB DOS CULTOS AFRO BRAS    31011810 000128
10231987175000168817800093673    00005211                     000052110000000000000109                     I015211      31011800000000035003410000017N261217050900000000000103101180000000000000000000000000000000000000000100003535090784SOLANGE PEREIRA DA SILVA                RUA MANUEL MIRANDA, 226                 ENGENHO NOVO20950300RIO DE JANEIRO RJUNIAO UMB DOS CULTOS AFRO BRAS    31011810 000129
10231987175000168817800093673    00005210                     000052100000000000000109                     I015210      31011800000000035003410000017N261217050900000000000103101180000000000000000000000000000000000000000100007600363739ROSEMERE CLAUDINO                       O MESMO                                 O MESMO     26061290NOVA IGUACU    RJUNIAO UMB DOS CULTOS AFRO BRAS    31011810 000130
10231987175000168817800093673    00005208                     000052080000000000000109                     I015208      31011800000000035003410000017N261217050900000000000103101180000000000000000000000000000000000000000100080499306724ANA CLAUDIA DE SOUZA RODRIGUES          RUA CRAVEIRO DE SA,183                  PARADA DE LU21250490RIO DE JANEIRO RJUNIAO UMB DOS CULTOS AFRO BRAS    31011810 000131
10231987175000168817800093673    00005207                     000052070000000000000109                     I015207      31011800000000035003410000017N261217050900000000000103101180000000000000000000000000000000000000000100002181028796EMERSON DIAS DA COSTA                   RUA PARA, LOTE 10 QUADRA 31             VALE DAS MAN26175370BELFORD ROXO   RJUNIAO UMB DOS CULTOS AFRO BRAS    31011810 000132
10231987175000168817800093673    00005206                     000052060000000000000109                     I015206      31011800000000035003410000017N261217050900000000000103101180000000000000000000000000000000000000000100008016237746RAFAEL PEREIRA                          ESTRADA DA COVANCA, 360 CASA            TANQUE - JAC22735020RIO DE JANEIRO RJUNIAO UMB DOS CULTOS AFRO BRAS    31011810 000133
10231987175000168817800093673    00005205                     000052050000000000000109                     I015205      31011800000000035003410000017N261217050900000000000103101180000000000000000000000000000000000000000100007965581752ALINE SANT ANNA ALVES                   RUA PROFESSORA MARLI CARVALHO PEREIRA, 1MIGUEL COUTO26070452NOVA IGUACU    RJUNIAO UMB DOS CULTOS AFRO BRAS    31011810 000134
10231987175000168817800093673    00005203                     000052030000000000000109                     I015203      31011800000000035003410000017N261217050900000000000103101180000000000000000000000000000000000000000100007650422747SIDNEI DO VALE FELISBERTO               RUA DESEMBARGADOR MACHADO GUIMARAES, 90 JARDIM TROPI26011110NOVA IGUACU    RJUNIAO UMB DOS CULTOS AFRO BRAS    31011810 000135
10231987175000168817800093673    00005202                     000052020000000000000109                     I015202      31011800000000035003410000017N261217050900000000000103101180000000000000000000000000000000000000000100036257869749IRANI DA SILVA CORREA                   RUA JATAIZINHO, 11 - JARDIM ORIENTAL    SENADOR VASC23012170RIO DE JANEIRO RJUNIAO UMB DOS CULTOS AFRO BRAS    31011810 000136
10231987175000168817800093673    00005201                     000052010000000000000109                     I015201      31011800000000035003410000017N261217050900000000000103101180000000000000000000000000000000000000000100062783203715SORAYA BARROS PINHEIRO                  RUA SANTOS TITARA, 45 APTO 115          TODOS SANTOS20735240RIO DE JANEIRO RJUNIAO UMB DOS CULTOS AFRO BRAS    31011810 000137
10231987175000168817800093673    00005200                     000052000000000000000109                     I015200      31011800000000035003410000017N261217050900000000000103101180000000000000000000000000000000000000000100001457331730MIRIAN ANSELMO DE SOUZA SANTOS          RUA CRISTIANO OTONI, LT 25 QD 1         ALMERINDA - 24740004SAO GONCALO    RJUNIAO UMB DOS CULTOS AFRO BRAS    31011810 000138
10231987175000168817800093673    00005199                     000051990000000000000109                     I015199      31011800000000035003410000017N261217050900000000000103101180000000000000000000000000000000000000000100002603000713DEBORA DOS SANTOS GOES                  O MESMO                                 O MESMO     25268240DUQUE DE CAXIASRJUNIAO UMB DOS CULTOS AFRO BRAS    31011810 000139
10231987175000168817800093673    00005198                     000051980000000000000109                     I015198      31011800000000035003410000017N261217050900000000000103101180000000000000000000000000000000000000000100084703741768LINDALVA PEREIRA DE SOUZA               ESTRADA BARRO VERMELHO, 1366            ROCHA MIRAND21540499RIO DE JANEIRO RJUNIAO UMB DOS CULTOS AFRO BRAS    31011810 000140
10231987175000168817800093673    00005197                     000051970000000000000109                     I015197      31011800000000035003410000017N261217050900000000000103101180000000000000000000000000000000000000000100009400587740PAULO JORGE DA SILVA ABDALA             RUA PIRATININGA, LOTE 1 QUADRA 8        PQUE SAO BER26165435BELFORD ROXO   RJUNIAO UMB DOS CULTOS AFRO BRAS    31011810 000141
10231987175000168817800093673    00005196                     000051960000000000000109                     I015196      31011800000000035003410000017N261217050900000000000103101180000000000000000000000000000000000000000100063553830778WILLIAM RODRIGUES                       ESTRADA OTEIRO SANTO, 1022 CASA 3       TAQUARA - RI22713169RIO DE JANEIRO RJUNIAO UMB DOS CULTOS AFRO BRAS    31011810 000142
10231987175000168817800093673    00005194                     000051940000000000000109                     I015194      31011800000000035003410000017N261217050900000000000103101180000000000000000000000000000000000000000100038370999700JULIO ALEXANDRE FERREIRA                RUA BARAO DE JACUI, 254 CASA 16 FUNDOS  OSWALDO CRUZ21550310RIO DE JANEIRO RJUNIAO UMB DOS CULTOS AFRO BRAS    31011810 000143
10231987175000168817800093673    00005193                     000051930000000000000109                     I015193      31011800000000035003410000017N261217050900000000000103101180000000000000000000000000000000000000000100001934622737ZENY MIRANDA DE SOUZA                   RUA ADRIANA, 63 - RECANTO SANTO ANTONIO SANTA RITA -26051130NOVA IGUACU    RJUNIAO UMB DOS CULTOS AFRO BRAS    31011810 000144
10231987175000168817800093673    00005191                     000051910000000000000109                     I015191      31011800000000035003410000017N261217050900000000000103101180000000000000000000000000000000000000000100000382904729EMERSON DOS SANTOS FIDELIS              RUA SEVERINO SANTOS, LOTE 20 QUADRA P   SARACURUNA -25212668DUQUE DE CAXIASRJUNIAO UMB DOS CULTOS AFRO BRAS    31011810 000145
10231987175000168817800093673    00005190                     000051900000000000000109                     I015190      31011800000000035003410000017N261217050900000000000103101180000000000000000000000000000000000000000100062792920700LUIZ CESAR DE OLIVEIRA                  RUA PEREIRA DE FIGUEIREDO, 627          OSWALDO CRUZ21340030RIO DE JANEIRO RJUNIAO UMB DOS CULTOS AFRO BRAS    31011810 000146
10231987175000168817800093673    00005188                     000051880000000000000109                     I015188      31011800000000035003410000017N261217050900000000000103101180000000000000000000000000000000000000000100001117379744VERA LUCIA SOUZA COUTO                  RUA RUDY ALBERTO, 868 - IMPERADOR       MAUA - MAGE 25900000MAGE           RJUNIAO UMB DOS CULTOS AFRO BRAS    31011810 000147
10231987175000168817800093673    00005186                     000051860000000000000109                     I015186      31011800000000035003410000017N261217050900000000000103101180000000000000000000000000000000000000000100081051387787ROSA AMELIA COSENZA                     RUA MARIA DA GLORIA BALTAR N 48         NOVA CIDADE 26535290NILOPOLIS      RJUNIAO UMB DOS CULTOS AFRO BRAS    31011810 000148
10231987175000168817800093673    00005185                     000051850000000000000109                     I015185      31011800000000035003410000017N261217050900000000000103101180000000000000000000000000000000000000000100004753333736ELAINE DOS SANTOS FONTES ARAUJ          O MESMO                                 O MESMO     21775090RIO DE JANEIRO RJUNIAO UMB DOS CULTOS AFRO BRAS    31011810 000149
10231987175000168817800093673    00005184                     000051840000000000000109                     I015184      31011800000000035003410000017N261217050900000000000103101180000000000000000000000000000000000000000100007342538779DAVID GARDINA FERREIRA LUCIO            O MESMO                                 O MESMO     25550531SAO JOAO DE MERRJUNIAO UMB DOS CULTOS AFRO BRAS    31011810 000150
10231987175000168817800093673    00005183                     000051830000000000000109                     I015183      31011800000000035003410000017N261217050900000000000103101180000000000000000000000000000000000000000100068506589720MARILDA TEREZA DA SILVA                 O MESMO                                 O MESMO     26327240QUEIMADOS      RJUNIAO UMB DOS CULTOS AFRO BRAS    31011810 000151
10231987175000168817800093673    00005182                     000051820000000000000109                     I015182      31011800000000035003410000017N261217050900000000000103101180000000000000000000000000000000000000000100064949559753CREUZA LEAL COIMBRA                     O MESMO                                 O MESMO     25570393SAO JOAO DE MERRJUNIAO UMB DOS CULTOS AFRO BRAS    31011810 000152
10231987175000168817800093673    00005180                     000051800000000000000109                     I015180      31011800000000035003410000017N261217050900000000000103101180000000000000000000000000000000000000000100036386812700VICENCO GEARDINA NETO                   O MESMO                                 O MESMO     26061070NOVA IGUACU    RJUNIAO UMB DOS CULTOS AFRO BRAS    31011810 000153
10231987175000168817800093673    00005179                     000051790000000000000109                     I015179      31011800000000035003410000017N261217050900000000000103101180000000000000000000000000000000000000000100003027226703MARCIO ALVES DOS SANTOS                 RUA ESTUDANTE ELIANE CASTANHEIRA N 874  CENTRO - SAO25510242SAO JOAO DE MERRJUNIAO UMB DOS CULTOS AFRO BRAS    31011810 000154
10231987175000168817800093673    00005178                     000051780000000000000109                     I015178      31011800000000035003410000017N261217050900000000000103101180000000000000000000000000000000000000000100093971087787SUELY DE CASSIA NEVES DA SILVA          RUA ANTONIO JOAQUIM DA SILVA N 49       PARQUE BARRE25581140SAO JOAO DE MERRJUNIAO UMB DOS CULTOS AFRO BRAS    31011810 000155
10231987175000168817800093673    00005177                     000051770000000000000109                     I015177      31011800000000035003410000017N261217050900000000000103101180000000000000000000000000000000000000000100081947712772MARIA COELHO DE LIMA                    O MESMO                                 O MESMO     25040070DUQUE DE CAXIASRJUNIAO UMB DOS CULTOS AFRO BRAS    31011810 000156
10231987175000168817800093673    00005176                     000051760000000000000109                     I015176      31011800000000035003410000017N261217050900000000000103101180000000000000000000000000000000000000000100096252634700PATRICIA BORGES                         O MESMO                                 O MESMO     23530074RIO DE JANEIRO RJUNIAO UMB DOS CULTOS AFRO BRAS    31011810 000157
10231987175000168817800093673    00005175                     000051750000000000000109                     I015175      31011800000000035003410000017N261217050900000000000103101180000000000000000000000000000000000000000100080295576715DOLORES DAS GRACAS ADRIANO DE           RUA SOLDADO PRIM CANES, QUADRA 198 LOTE VILA MAR - G23025420GUARATIBA      RJUNIAO UMB DOS CULTOS AFRO BRAS    31011810 000158
10231987175000168817800093673    00005174                     000051740000000000000109                     I015174      31011800000000035003410000017N261217050900000000000103101180000000000000000000000000000000000000000100001393165745MARCO AURELIO DE BARROS FARIAS          RUA AIROSA GALVAO, 44                   FONSECA - NI24120100NITEROI        RJUNIAO UMB DOS CULTOS AFRO BRAS    31011810 000159
10231987175000168817800093673    00005172                     000051720000000000000109                     I015172      31011800000000035003410000017N261217050900000000000103101180000000000000000000000000000000000000000100005415694730ALEX SANDRO DA SILVA BANDEIRA           RUA PAULO ROBERTO, 6                    PRAIA DE MAU25900000MAGE           RJUNIAO UMB DOS CULTOS AFRO BRAS    31011810 000160
10231987175000168817800093673    00005171                     000051710000000000000109                     I015171      31011800000000035003410000017N261217050900000000000103101180000000000000000000000000000000000000000100013909038778MARIA DO CARMO SILVA DE MOURA           RUA SAO CARLOS, 75                      ESTACIO - RI20250052RIO DE JANEIRO RJUNIAO UMB DOS CULTOS AFRO BRAS    31011810 000161
10231987175000168817800093673    00005170                     000051700000000000000109                     I015170      31011800000000035003410000017N261217050900000000000103101180000000000000000000000000000000000000000100082059403715SANDRA HELENA VILLAMOR MONTASS          RUA ARGOS, 693                          GUADALUPE   21660050RIO DE JANEIRO RJUNIAO UMB DOS CULTOS AFRO BRAS    31011810 000162
10231987175000168817800093673    00005169                     000051690000000000000109                     I015169      31011800000000035003410000017N261217050900000000000103101180000000000000000000000000000000000000000100012948872898LUCILENE BARROS                         RUA DO PIANO 21                         CAMPOS ELISI25225218DUQUE DE CAXIASRJUNIAO UMB DOS CULTOS AFRO BRAS    31011810 000163
10231987175000168817800093673    00005168                     000051680000000000000109                     I015168      31011800000000035003410000017N261217050900000000000103101180000000000000000000000000000000000000000100088677079734MARIA APARECIDA MORAIS DOS SAN          RUA OLAVO GAMA, TRAVESSA F - PROJETADA BGUARATIBA - 23040400RIO DE JANEIRO RJUNIAO UMB DOS CULTOS AFRO BRAS    31011810 000164
10231987175000168817800093673    00005167                     000051670000000000000109                     I015167      31011800000000035003410000017N261217050900000000000103101180000000000000000000000000000000000000000100067023711791EURIDES DOS SANTOS                      RUA CORONEL ALBERTO DE MELO, 47 CASA 1  AREIA BRANCA26112370BELFORD ROXO   RJUNIAO UMB DOS CULTOS AFRO BRAS    31011810 000165
10231987175000168817800093673    00005166                     000051660000000000000109                     I015166      31011800000000035003410000017N261217050900000000000103101180000000000000000000000000000000000000000100051851229787MARTA DO NASCIMENTO CRISPINO            RUA LEONOR SARAMAGO, 89                 FONSECA - NI24120340NITEROI        RJUNIAO UMB DOS CULTOS AFRO BRAS    31011810 000166
10231987175000168817800093673    00005165                     000051650000000000000109                     I015165      31011800000000035003410000017N261217050900000000000103101180000000000000000000000000000000000000000100003987884720SAINT CLAIR MACHADO FERNANDES           RUA JACA, QUADRA 4 LOTE 14              PARQUE ESPER26173510BELFORD ROXO   RJUNIAO UMB DOS CULTOS AFRO BRAS    31011810 000167
10231987175000168817800093673    00005163                     000051630000000000000109                     I015163      31011800000000035003410000017N261217050900000000000103101180000000000000000000000000000000000000000100066638682768VALERIA COELHO DA SILVA                 RUA DOUTOR ALFREDO BARCELOS, 381        OLARIA - RJ 21021421RIO DE JANEIRO RJUNIAO UMB DOS CULTOS AFRO BRAS    31011810 000168
10231987175000168817800093673    00005162                     000051620000000000000109                     I015162      31011800000000035003410000017N261217050900000000000103101180000000000000000000000000000000000000000100078935806749MARIA DA CONCEICAO DOS SANTOS           RUA ESTRELA, 26                         VILA SAO MIG26088315NOVA IGUACU    RJUNIAO UMB DOS CULTOS AFRO BRAS    31011810 000169
10231987175000168817800093673    00005159                     000051590000000000000109                     I015159      31011800000000035003410000017N261217050900000000000103101180000000000000000000000000000000000000000100097226165791CELSO MATTOS FERREIRA                   RUA SETENTA E UM, LOTE 1 QUADRA 86      CAMPO GRANDE23097535RIO DE JANEIRO RJUNIAO UMB DOS CULTOS AFRO BRAS    31011810 000170
10231987175000168817800093673    00005158                     000051580000000000000109                     I015158      31011800000000035003410000017N261217050900000000000103101180000000000000000000000000000000000000000100075750384772VERA LUCIA BORGES NAZARETH              RUA DA CAPITAL, 430                     MAUA - SAO F25930000MAGE           RJUNIAO UMB DOS CULTOS AFRO BRAS    31011810 000171
10231987175000168817800093673    00005157                     000051570000000000000109                     I015157      31011800000000040003410000017N261217050900000000000103101180000000000000000000000000000000000000000100075531585772ROSANGELA PAULINA RODRIGUES             ESTRADA: DA GUARITA N 1581              CARMARI - NO26040010NOVA IGUACU    RJUNIAO UMB DOS CULTOS AFRO BRAS    31011810 000172
10231987175000168817800093673    00005138                     000051380000000000000109                     I015138      31011800000000035003410000017N261217050900000000000103101180000000000000000000000000000000000000000100002912019702JONER BORGES BARCELOS                   RUA OITO, QUADRA 30 LOTE 8              NOVA CAMPINA25000000DUQUE DE CAXIASRJUNIAO UMB DOS CULTOS AFRO BRAS    31011810 000173
9                                                                                                                                                                                                                                                                                                                                                                                                         000174
