01REMESSA01COBRANCA       817800093673        União Umb dos Cultos Afro Bra341BANCO ITAU SA  090118                                                                                                                                                                                                                                                                                                      000001
10231987175000168817800093673    00005476                     000054760000000000000109                     I015476      31011800000000035003410000017N261217050900000000000103101180000000000000000000000000000000000000000100088224228720VERA MARIA DA SILVA                     O MESMO                                 O MESMO     24722270SAO GONCALO    RJUNIAO UMB DOS CULTOS AFRO BRAS    31011810 000002
10231987175000168817800093673    00005475                     000054750000000000000109                     I015475      31011800000000035003410000017N261217050900000000000103101180000000000000000000000000000000000000000100086464493787MARIA DE FATIMA SOUZA SILVA TE          O MESMO                                 O MESMO     21520290RIO DE JANEIRO RJUNIAO UMB DOS CULTOS AFRO BRAS    31011810 000003
10231987175000168817800093673    00005474                     000054740000000000000109                     I015474      31011800000000035003410000017N261217050900000000000103101180000000000000000000000000000000000000000100088966338797ZENIRA DE CARVALHO CONCEICAO            AVENIDA ALMIRANTE AMORIM DO VALE N 25   MARAMBAIA - 24724560SAO GONCALO    RJUNIAO UMB DOS CULTOS AFRO BRAS    31011810 000004
10231987175000168817800093673    00005473                     000054730000000000000109                     I015473      31011800000000035003410000017N261217050900000000000103101180000000000000000000000000000000000000000100001230403701DENILSON MOTA DRUMOND                   RUA, ALVES DA COSTA Nº 24 - ITAIPU     CHANGRILA - 26140320BELFORD ROXO   RJUNIAO UMB DOS CULTOS AFRO BRAS    31011810 000005
10231987175000168817800093673    00005472                     000054720000000000000109                     I015472      31011800000000035003410000017N261217050900000000000103101180000000000000000000000000000000000000000100058951733734ROSINEA MIRANDA CORREA DOS SAN          RUA: IGUACU N° 1367 CASA 2 - PARQUE LAFDUQUE DE CAX25015350DUQUE DE CAXIASRJUNIAO UMB DOS CULTOS AFRO BRAS    31011810 000006
10231987175000168817800093673    00005471                     000054710000000000000109                     I015471      31011800000000035003410000017N261217050900000000000103101180000000000000000000000000000000000000000100077575644768ROBSON ANDRE GONCALVES OUREM            RUA: RECIFE N° 237 CAMPOS ELISIOS      DUQUE DE CAX21032060RIO DE JANEIRO RJUNIAO UMB DOS CULTOS AFRO BRAS    31011810 000007
10231987175000168817800093673    00005470                     000054700000000000000109                     I015470      31011800000000035003410000017N261217050900000000000103101180000000000000000000000000000000000000000100078190290720IARA PIO GOMES MARQUES                  RUA MARTINS SARAZATI LT 6 A E B QD 335  GUAXINDIBA -21510170RIO DE JANEIRO RJUNIAO UMB DOS CULTOS AFRO BRAS    31011810 000008
10231987175000168817800093673    00005469                     000054690000000000000109                     I015469      31011800000000035003410000017N261217050900000000000103101180000000000000000000000000000000000000000100008601426719DAMIANA CRISTINA TORRES DA SIL          RUA: JAGUAPITAN LOTE 19 QUADRA 121 - SANCOSMO - CAMP23060210RIO DE JANEIRO RJUNIAO UMB DOS CULTOS AFRO BRAS    31011810 000009
10231987175000168817800093673    00005468                     000054680000000000000109                     I015468      31011800000000035003410000017N261217050900000000000103101180000000000000000000000000000000000000000100063791080768ANTONIO DE OLIVEIRA                     O MESMO                                 O MESMO     24722060SAO GONCALO    RJUNIAO UMB DOS CULTOS AFRO BRAS    31011810 000010
10231987175000168817800093673    00005465                     000054650000000000000109                     I015465      31011800000000035003410000017N261217050900000000000103101180000000000000000000000000000000000000000100011704321743TATIENE DE SOUZA FRANCA DA SIL          RUA: CAMINHO DA ILHA Nº 112            ILHA DE GUAR23020200RIO DE JANEIRO RJUNIAO UMB DOS CULTOS AFRO BRAS    31011810 000011
10231987175000168817800093673    00005464                     000054640000000000000109                     I015464      31011800000000035003410000017N261217050900000000000103101180000000000000000000000000000000000000000100000890225729MARINA DA SILVA ANGELO                  RUA: DOZE LOTE 6 QUADRA 36 FRENTE       ITAMBI - ITA24866456ITABORAI       RJUNIAO UMB DOS CULTOS AFRO BRAS    31011810 000012
10231987175000168817800093673    00005463                     000054630000000000000109                     I015463      31011800000000035003410000017N261217050900000000000103101180000000000000000000000000000000000000000100001343627729RICARDO CADER DA SILVA                  RUA: MONCLARO MENA BARRETO N° 49       VILA VALQUEI22010010RIO DE JANEIRO RJUNIAO UMB DOS CULTOS AFRO BRAS    31011810 000013
10231987175000168817800093673    00005462                     000054620000000000000109                     I015462      31011800000000035003410000017N261217050900000000000103101180000000000000000000000000000000000000000100006193629793ALESSANDRA SANTOS DE OLIVEIRA           AVENIDA: FLEXEIRA N° 1085 - ENGENHEIRO JAPERI - RJ 26413250JAPERI         RJUNIAO UMB DOS CULTOS AFRO BRAS    31011810 000014
10231987175000168817800093673    00005461                     000054610000000000000109                     I015461      31011800000000035003410000017N261217050900000000000103101180000000000000000000000000000000000000000100010026253780NILZA MARIA BERNARDO MATIAS             RUA: MARIA DE ABREU N° 1 - SANTISSIMO  RIO DE JANEI23098050RIO DE JANEIRO RJUNIAO UMB DOS CULTOS AFRO BRAS    31011810 000015
10231987175000168817800093673    00005460                     000054600000000000000109                     I015460      31011800000000035003410000017N261217050900000000000103101180000000000000000000000000000000000000000100001596786760LINDEMBERG DE SOUZA AMARAL              RUA: SACOPAN Nº 98                     BOTAFOGO - N26041480NOVA IGUACU    RJUNIAO UMB DOS CULTOS AFRO BRAS    31011810 000016
10231987175000168817800093673    00005459                     000054590000000000000109                     I015459      31011800000000035003410000017N261217050900000000000103101180000000000000000000000000000000000000000100075874520791MARIA JOSE MELO DA SILVA                RUA SIDNEY, 155 - CONJUNTO BOA ESPERANCAPARAISO - NO26297249NOVA IGUACU    RJUNIAO UMB DOS CULTOS AFRO BRAS    31011810 000017
10231987175000168817800093673    00005458                     000054580000000000000109                     I015458      31011800000000035003410000017N261217050900000000000103101180000000000000000000000000000000000000000100076719588753JULIO CESAR CASTRILON                   RUA: SANTA TEREZINHA Nº 788            MURIQUI - MA23870000MANGARATIBA    RJUNIAO UMB DOS CULTOS AFRO BRAS    31011810 000018
10231987175000168817800093673    00005457                     000054570000000000000109                     I015457      31011800000000035003410000017N261217050900000000000103101180000000000000000000000000000000000000000100002349584720UANDERSON MARTINS DE PAULA              RUA MUNIZ E BARROS Nº 988 APTº 102    MIGUEL PEREI26910000MIGUEL PEREIRA RJUNIAO UMB DOS CULTOS AFRO BRAS    31011810 000019
10231987175000168817800093673    00005456                     000054560000000000000109                     I015456      31011800000000035003410000017N261217050900000000000103101180000000000000000000000000000000000000000100099213133715CLAUDIO LOPES ALBINO                    RUA: MARECHAL AGRICOLA N° 856 CASA 6   REALENGO - R21735370RIO DE JANEIRO RJUNIAO UMB DOS CULTOS AFRO BRAS    31011810 000020
10231987175000168817800093673    00005455                     000054550000000000000109                     I015455      31011800000000035003410000017N261217050900000000000103101180000000000000000000000000000000000000000100008324809759CARLA DA SILVA JUSTINO                  RUA DAS CAMELIAS, QUADRA 12 LOTE 5      PIRANEMA - I23855220ITAGUAI        RJUNIAO UMB DOS CULTOS AFRO BRAS    31011810 000021
10231987175000168817800093673    00005454                     000054540000000000000109                     I015454      31011800000000035003410000017N261217050900000000000103101180000000000000000000000000000000000000000100002480943780HELIA SANTOS DA SILVA DE LIMA           RUA JOSE DE ALENCAR, QUADRA 67 LOTE 5   PRACA DA BAN25560150SAO JOAO DE MERRJUNIAO UMB DOS CULTOS AFRO BRAS    31011810 000022
10231987175000168817800093673    00005451                     000054510000000000000109                     I015451      31011800000000035003410000017N261217050900000000000103101180000000000000000000000000000000000000000100003315003700ROGERIO DE SOUZA RODRIGUES              RUA: DA LAGOA LOTE 2 QUADRA 1           SAO BENTO - 28600000DUQUE DE CAXIASRJUNIAO UMB DOS CULTOS AFRO BRAS    31011810 000023
10231987175000168817800093673    00005450                     000054500000000000000109                     I015450      31011800000000035003410000017N261217050900000000000103101180000000000000000000000000000000000000000100024223450778MARIA DA NATIVIDADE ROCHA               AV.: CANAL QUADRA 56 LOTE 22 - NOSSA SENCAMPO GRANDE23097580CAMPO GRANDE   RJUNIAO UMB DOS CULTOS AFRO BRAS    31011810 000024
10231987175000168817800093673    00005449                     000054490000000000000109                     I015449      31011800000000035003410000017N261217050900000000000103101180000000000000000000000000000000000000000100073431850715SIDNEY MEGE                             RUA: GENERAL CORREIA DO LAGO Nº 426    HONORIO GURG21511320RIO DE JANEIRO RJUNIAO UMB DOS CULTOS AFRO BRAS    31011810 000025
10231987175000168817800093673    00005448                     000054480000000000000109                     I015448      31011800000000035003410000017N261217050900000000000103101180000000000000000000000000000000000000000100002868269761ISLAND LUIZA DE ALMEIDA SIMOES          RUA: BACOPA Nº 19 CASA 3 - BENTO RIBEIRRIO DE JANEI21331140RIO DE JANEIRO RJUNIAO UMB DOS CULTOS AFRO BRAS    31011810 000026
10231987175000168817800093673    00005447                     000054470000000000000109                     I015447      31011800000000035003410000017N261217050900000000000103101180000000000000000000000000000000000000000100002154760775JOSEFA SANTANA DA SILVA                 RUA: CACHOEIRA ALTA QUADRA 105 LOTE 19 -GUARATIBA - 23031070RIO DE JANEIRO RJUNIAO UMB DOS CULTOS AFRO BRAS    31011810 000027
10231987175000168817800093673    00005446                     000054460000000000000109                     I015446      31011800000000035003410000017N261217050900000000000103101180000000000000000000000000000000000000000100004545448712LUCIANA DE SOUZA PIMENTA                RUA: HUGO BALDESSARINI Nº 125          VISTA ALEGRE21236040RIO DE JANEIRO RJUNIAO UMB DOS CULTOS AFRO BRAS    31011810 000028
10231987175000168817800093673    00005445                     000054450000000000000109                     I015445      31011800000000035003410000017N261217050900000000000103101180000000000000000000000000000000000000000100003328096760MARCO ANTONIO DA SILVA                  RUA: WALDEMAR VIEIRA AFONSO Nº 1200    CARANGOLA - 25715402DUQUE DE CAXIASRJUNIAO UMB DOS CULTOS AFRO BRAS    31011810 000029
10231987175000168817800093673    00005444                     000054440000000000000109                     I015444      31011800000000035003410000017N261217050900000000000103101180000000000000000000000000000000000000000100069974578787ANTONIA RIBEIRO RAPOSO                  RUA: DOUTOR ARI CHAGAS Nº 470          SEPETIBA - R23545280RIO DE JANEIRO RJUNIAO UMB DOS CULTOS AFRO BRAS    31011810 000030
10231987175000168817800093673    00005443                     000054430000000000000109                     I015443      31011800000000035003410000017N261217050900000000000103101180000000000000000000000000000000000000000100033374023568LEONICE MAGALHAES LEAL                  RUA: MENDES FERREIRA N° 12 - SANTA TEREALAGOINHAS -48011270ALAGOINHAS     BAUNIAO UMB DOS CULTOS AFRO BRAS    31011810 000031
10231987175000168817800093673    00005442                     000054420000000000000109                     I015442      31011800000000035003410000017N261217050900000000000103101180000000000000000000000000000000000000000100009243432737SILVANA VENTURA DA SILVA                RUA: OUVIDIO ALMEIDA E SILVA Nº 17     BRIZAMAR - I23825710ITAGUAI        RJUNIAO UMB DOS CULTOS AFRO BRAS    31011810 000032
10231987175000168817800093673    00005441                     000054410000000000000109                     I015441      31011800000000035003410000017N261217050900000000000103101180000000000000000000000000000000000000000100003723310761RODRIGO CARDOSO DA CUNHA                EST: VELHA DE MARICA Nº 257 - BALDEADORNITEROI - RJ24140000NITEROI        RJUNIAO UMB DOS CULTOS AFRO BRAS    31011810 000033
10231987175000168817800093673    00005364                     000053640000000000000109                     I015364      31011800000000025003410000017N261217050900000000000103101180000000000000000000000000000000000000000100015744914587ARISTOCLEMILDA PEREIRA DOS SAN          RUA M, LOTE 23 QUADRA 67                VILA EMA - I25271540DUQUE DE CAXIASRJUNIAO UMB DOS CULTOS AFRO BRAS    31011810 000034
9                                                                                                                                                                                                                                                                                                                                                                                                         000035
