01REMESSA01COBRANCA       817800093673        Uni√£o Umb dos Cultos Afro Bra341BANCO ITAU SA  030119                                                                                                                                                                                                                                                                                                      000001
10231987175000168817800093673    000039460                    000394600000000000000109                     I0139460     07011900000000110003410000017N030119104700000000000100701190000000000000000000000000000000000000000100008326943711ANGELO ABREU MARTINS                    RUA D                                   MONTE VERDE 24857564ITABORAI       RJUNIAO UMB DOS CULTOS AFRO BRAS    07011910 000002
10231987175000168817800093673    000039287                    000392870000000000000109                     I0239287     30031900000000040003410000017N261218104700000000000103003190000000000000000000000000000000000000000100053177827753CREUZA FREITAS DOS SANTOS               RUA HERMES DA SILVA                     SANTA CRUZ  23550155RIO DE JANEIRO RJUNIAO UMB DOS CULTOS AFRO BRAS    30031910 000003
10231987175000168817800093673    000038780                    000387800000000000000109                     I0238780     30031900000000040003410000017N261218104700000000000103003190000000000000000000000000000000000000000100064915026787MARTINA SELMA DA COSTA                  RUA BUCARESTE                           VILA CENTRAL26316136QUEIMADOS      RJUNIAO UMB DOS CULTOS AFRO BRAS    30031910 000004
10231987175000168817800093673    000038159                    000381590000000000000109                     I0238159     30031900000000040003410000017N261218104700000000000103003190000000000000000000000000000000000000000100008544039731FABIO DA SILVA CONDE                    RUA: FERREIRA DE MENEZES                ENGENHO DA R20761250RIO DE JANEIRO RJUNIAO UMB DOS CULTOS AFRO BRAS    30031910 000005
10231987175000168817800093673    000037947                    000379470000000000000109                     I0237947     30031900000000040003410000017N261218104700000000000103003190000000000000000000000000000000000000000100000203243757AMARILDO FLECHAS MAGALHAES BAT          RUA ALDEBARAM                           JARDIM SILVA26195370BELFORD ROXO   RJUNIAO UMB DOS CULTOS AFRO BRAS    30031910 000006
10231987175000168817800093673    000037604                    000376040000000000000109                     I0237604     30031900000000040003410000017N261218104700000000000103003190000000000000000000000000000000000000000100055055753749MARIA LUCIA BENJAMIN DE FREITA          RUA QUITO                               JARDIM PRIMA25223150RIO DE JANEIRO RJUNIAO UMB DOS CULTOS AFRO BRAS    30031910 000007
10231987175000168817800093673    000037368                    000373680000000000000109                     I0237368     28021900000000040003410000017N261218104700000000000102802190000000000000000000000000000000000000000100053177827753CREUZA FREITAS DOS SANTOS               RUA HERMES DA SILVA                     SANTA CRUZ  23550155RIO DE JANEIRO RJUNIAO UMB DOS CULTOS AFRO BRAS    28021910 000008
10231987175000168817800093673    000036861                    000368610000000000000109                     I0236861     28021900000000040003410000017N261218104700000000000102802190000000000000000000000000000000000000000100064915026787MARTINA SELMA DA COSTA                  RUA BUCARESTE                           VILA CENTRAL26316136QUEIMADOS      RJUNIAO UMB DOS CULTOS AFRO BRAS    28021910 000009
10231987175000168817800093673    000036243                    000362430000000000000109                     I0236243     28021900000000040003410000017N261218104700000000000102802190000000000000000000000000000000000000000100008544039731FABIO DA SILVA CONDE                    RUA: FERREIRA DE MENEZES                ENGENHO DA R20761250RIO DE JANEIRO RJUNIAO UMB DOS CULTOS AFRO BRAS    28021910 000010
10231987175000168817800093673    000036032                    000360320000000000000109                     I0236032     28021900000000040003410000017N261218104700000000000102802190000000000000000000000000000000000000000100000203243757AMARILDO FLECHAS MAGALHAES BAT          RUA ALDEBARAM                           JARDIM SILVA26195370BELFORD ROXO   RJUNIAO UMB DOS CULTOS AFRO BRAS    28021910 000011
10231987175000168817800093673    000035691                    000356910000000000000109                     I0235691     28021900000000040003410000017N261218104700000000000102802190000000000000000000000000000000000000000100055055753749MARIA LUCIA BENJAMIN DE FREITA          RUA QUITO                               JARDIM PRIMA25223150RIO DE JANEIRO RJUNIAO UMB DOS CULTOS AFRO BRAS    28021910 000012
10231987175000168817800093673    000035455                    000354550000000000000109                     I0235455     31011900000000040003410000017N261218104700000000000103101190000000000000000000000000000000000000000100053177827753CREUZA FREITAS DOS SANTOS               RUA HERMES DA SILVA                     SANTA CRUZ  23550155RIO DE JANEIRO RJUNIAO UMB DOS CULTOS AFRO BRAS    31011910 000013
10231987175000168817800093673    000034951                    000349510000000000000109                     I0234951     31011900000000040003410000017N261218104700000000000103101190000000000000000000000000000000000000000100064915026787MARTINA SELMA DA COSTA                  RUA BUCARESTE                           VILA CENTRAL26316136QUEIMADOS      RJUNIAO UMB DOS CULTOS AFRO BRAS    31011910 000014
10231987175000168817800093673    000034911                    000349110000000000000109                     I0234911     31011900000000040003410000017N261218104700000000000103101190000000000000000000000000000000000000000100008326943711ANGELO ABREU MARTINS                    RUA D                                   MONTE VERDE 24857564ITABORAI       RJUNIAO UMB DOS CULTOS AFRO BRAS    31011910 000015
10231987175000168817800093673    000034335                    000343350000000000000109                     I0234335     31011900000000040003410000017N261218104700000000000103101190000000000000000000000000000000000000000100008544039731FABIO DA SILVA CONDE                    RUA: FERREIRA DE MENEZES                ENGENHO DA R20761250RIO DE JANEIRO RJUNIAO UMB DOS CULTOS AFRO BRAS    31011910 000016
10231987175000168817800093673    000034127                    000341270000000000000109                     I0234127     31011900000000040003410000017N261218104700000000000103101190000000000000000000000000000000000000000100000203243757AMARILDO FLECHAS MAGALHAES BAT          RUA ALDEBARAM                           JARDIM SILVA26195370BELFORD ROXO   RJUNIAO UMB DOS CULTOS AFRO BRAS    31011910 000017
10231987175000168817800093673    000033789                    000337890000000000000109                     I0233789     31011900000000040003410000017N261218104700000000000103101190000000000000000000000000000000000000000100055055753749MARIA LUCIA BENJAMIN DE FREITA          RUA QUITO                               JARDIM PRIMA25223150RIO DE JANEIRO RJUNIAO UMB DOS CULTOS AFRO BRAS    31011910 000018
10231987175000168817800093673    000033241                    000332410000000000000109                     I0233241     20121800000000350003410000017N291018104700000000000102012180000000000000000000000000000000000000000100045965986734ELISABETH BARRETO DO COUTO ALV          RUA SAMUEL GUIMARAES                    SAO FRANCISC22270000RIO DE JANEIRO RJUNIAO UMB DOS CULTOS AFRO BRAS    20121810 000019
10231987175000168817800093673    000032508                    000325080000000000000109                     I0232508     20121800000000350003410000017N291018104700000000000102012180000000000000000000000000000000000000000100064915026787MARTINA SELMA DA COSTA                  RUA BUCARESTE                           VILA CENTRAL26316136QUEIMADOS      RJUNIAO UMB DOS CULTOS AFRO BRAS    20121810 000020
10231987175000168817800093673    000032456                    000324560000000000000109                     I0232456     20121800000000350003410000017N291018104700000000000102012180000000000000000000000000000000000000000100008326943711ANGELO ABREU MARTINS                    RUA D                                   MONTE VERDE 24857564ITABORAI       RJUNIAO UMB DOS CULTOS AFRO BRAS    20121810 000021
10231987175000168817800093673    000031586                    000315860000000000000109                     I0231586     20121800000000350003410000017N291018104700000000000102012180000000000000000000000000000000000000000100008544039731FABIO DA SILVA CONDE                    RUA: FERREIRA DE MENEZES                ENGENHO DA R20761250RIO DE JANEIRO RJUNIAO UMB DOS CULTOS AFRO BRAS    20121810 000022
10231987175000168817800093673    000031238                    000312380000000000000109                     I0231238     20121800000000350003410000017N291018104700000000000102012180000000000000000000000000000000000000000100000203243757AMARILDO FLECHAS MAGALHAES BAT          RUA ALDEBARAM                           JARDIM SILVA26195370BELFORD ROXO   RJUNIAO UMB DOS CULTOS AFRO BRAS    20121810 000023
10231987175000168817800093673    000030198                    000301980000000000000109                     I0230198     20121800000000035003410000017N291018104700000000000102012180000000000000000000000000000000000000000100068424647734MARCIA VALERIA VALIATI DOS SAN          RUA GOMES CARNEIRO                      VILA URUSSA√20735090RIO DE JANEIRO RJUNIAO UMB DOS CULTOS AFRO BRAS    20121810 000024
10231987175000168817800093673    000029900                    000299000000000000000109                     I0229900     20121800000000035003410000017N291018104700000000000102012180000000000000000000000000000000000000000100064915026787MARTINA SELMA DA COSTA                  RUA BUCARESTE                           VILA CENTRAL26316136QUEIMADOS      RJUNIAO UMB DOS CULTOS AFRO BRAS    20121810 000025
10231987175000168817800093673    000029869                    000298690000000000000109                     I0229869     20121800000000035003410000017N291018104700000000000102012180000000000000000000000000000000000000000100008326943711ANGELO ABREU MARTINS                    RUA D                                   MONTE VERDE 24857564ITABORAI       RJUNIAO UMB DOS CULTOS AFRO BRAS    20121810 000026
10231987175000168817800093673    000028317                    000283170000000000000109                     I0228317     30111800000000035003410000017N200818104700000000000103011180000000000000000000000000000000000000000100068424647734MARCIA VALERIA VALIATI DOS SAN          RUA GOMES CARNEIRO                      VILA URUSSA√20735090RIO DE JANEIRO RJUNIAO UMB DOS CULTOS AFRO BRAS    30111810 000027
10231987175000168817800093673    000027990                    000279900000000000000109                     I0227990     30111800000000035003410000017N200818104700000000000103011180000000000000000000000000000000000000000100064915026787MARTINA SELMA DA COSTA                  RUA BUCARESTE                           VILA CENTRAL26316136QUEIMADOS      RJUNIAO UMB DOS CULTOS AFRO BRAS    30111810 000028
10231987175000168817800093673    000027960                    000279600000000000000109                     I0227960     30111800000000035003410000017N200818104700000000000103011180000000000000000000000000000000000000000100008326943711ANGELO ABREU MARTINS                    RUA D                                   MONTE VERDE 24857564ITABORAI       RJUNIAO UMB DOS CULTOS AFRO BRAS    30111810 000029
9                                                                                                                                                                                                                                                                                                                                                                                                         000030
