01REMESSA01COBRANCA       817800093673        União Umb dos Cultos Afro Bra341BANCO ITAU SA  020418                                                                                                                                                                                                                                                                                                      000001
10231987175000168817800093673    0000192                      000001920000000000000109                     I02192       20121700000000350003410000017N101017104700000000000102012170000000000000000000000000000000000000000200000000010166ANA MARIA DE CARVALHO MENEZES           RUA OASIS, 187                          PRAIA DA BRI23028320GUARATIBA - RJ RJUNIAO UMB DOS CULTOS AFRO BRAS    20121710 000002
10231987175000168817800093673    0000191                      000001910000000000000109                     I02191       05021800000000350003410000017N101017104700000000000100502180000000000000000000000000000000000000000100085906859772JULIO CESAR DA SILVA                    RUA PROFESSOR MARIO BRANT, 573          REALENGO - R21760420RIO DE JANEIRO RJUNIAO UMB DOS CULTOS AFRO BRAS    05021810 000003
10231987175000168817800093673    0000182                      000001820000000000000109                     I02182       20121700000000350003410000017N101017104700000000000102012170000000000000000000000000000000000000000100061487856768ROSELI ROCHA DA SILVA FERREIRA          RUA DOUTOR MESQUITA, 442                NOSSA SRA DE27113010BARRA DO PIRAI RJUNIAO UMB DOS CULTOS AFRO BRAS    20121710 000004
10231987175000168817800093673    0000178                      000001780000000000000109                     I02178       20121700000000400003410000017N101017104700000000000102012170000000000000000000000000000000000000000100008911115738MARIA DE LOURDES DA SILVA OLIV          AVENIDA SANTAREM, 236                   VILA TINGUA 26385160QUEIMADOS      RJUNIAO UMB DOS CULTOS AFRO BRAS    20121710 000005
10231987175000168817800093673    0000177                      000001770000000000000109                     I02177       20121700000000350003410000017N101017104700000000000102012170000000000000000000000000000000000000000100070818169753ZILAH MELO DIAS DA SILVA                RUA ALMIRANTE FIGUEIREDO, 19            FREGUESIA - 21911150RIO DE JANEIRO RJUNIAO UMB DOS CULTOS AFRO BRAS    20121710 000006
10231987175000168817800093673    0000175                      000001750000000000000109                     I02175       20121700000000350003410000017N101017104700000000000102012170000000000000000000000000000000000000000100004766843746ALESSANDRO MEDEIROS BRITO               RUA MARUPIARA, 198                      ROCHA MIRAND21510210RIO DE JANEIRO RJUNIAO UMB DOS CULTOS AFRO BRAS    20121710 000007
10231987175000168817800093673    0000174                      000001740000000000000109                     I02174       20121700000000350003410000017N101017104700000000000102012170000000000000000000000000000000000000000100002543752781MARIA DO SOCORRO MAMEDES DA SI          AVENIDA SANTA CRUZ, LOTE 2 QUADRA 82 APTSARACURUNA -25211220DUQUE DE CAXIASRJUNIAO UMB DOS CULTOS AFRO BRAS    20121710 000008
10231987175000168817800093673    0000172                      000001720000000000000109                     I02172       20121700000000350003410000017N101017104700000000000102012170000000000000000000000000000000000000000100059231734334CREUTON FERREIRA DA SILVA               RUA DO ENCANAMENTO, 80 LOTE 2           CAMPO GRANDE23095720RIO DE JANEIRO RJUNIAO UMB DOS CULTOS AFRO BRAS    20121710 000009
10231987175000168817800093673    0000171                      000001710000000000000109                     I02171       20121700000000350003410000017N101017104700000000000102012170000000000000000000000000000000000000000100002888419726MARIA TEREZINHA PEREIRA RODRIG          RUA SANTA CATARINA, 101 LOTE 2 QUADRA 5 CH GRANDE RI25925000MAGE           RJUNIAO UMB DOS CULTOS AFRO BRAS    20121710 000010
10231987175000168817800093673    0000163                      000001630000000000000109                     I02163       20121700000000400003410000017N101017104700000000000102012170000000000000000000000000000000000000000100059555815704PAULO FERNANDES                         RUA MONTE CARMELO 351                   BENTO RIBERI21555120RIO DE JANEIRO RJUNIAO UMB DOS CULTOS AFRO BRAS    20121710 000011
10231987175000168817800093673    0000162                      000001620000000000000109                     I02162       20121700000000400003410000017N101017104700000000000102012170000000000000000000000000000000000000000100060296836168ALEXANDRE MONTEIRO DA ROSA              MONTE CASTELO Nº 143 - CORONEL VEIGA   ILHA        25655500PETROPOLIS     RJUNIAO UMB DOS CULTOS AFRO BRAS    20121710 000012
10231987175000168817800093673    0000161                      000001610000000000000109                     I02161       20121700000000340003410000017N101017104700000000000102012170000000000000000000000000000000000000000100069497893787SIRLEYA MARIA MARTINS ESTEVES           RUA JOAO FELIPE FLIESS Nº 145          MORIN - PERO25625291PETROPOLIS     RJUNIAO UMB DOS CULTOS AFRO BRAS    20121710 000013
10231987175000168817800093673    0000159                      000001590000000000000109                     I02159       20121700000000340003410000017N101017104700000000000102012170000000000000000000000000000000000000000100091088003753CLARA RIBEIRO FERNANDES                 R:ITACURUCA,213                         MARAMBAIA- S24724410NITEROI        RJUNIAO UMB DOS CULTOS AFRO BRAS    20121710 000014
10231987175000168817800093673    0000156                      000001560000000000000109                     I02156       20121700000000340003410000017N101017104700000000000102012170000000000000000000000000000000000000000100046530843787EDITH DA SILVA SOUZA                    RUA: OLIVEIRA MELO                      CORDOVIL    21250540RIO DE JANEIRO RJUNIAO UMB DOS CULTOS AFRO BRAS    20121710 000015
10231987175000168817800093673    0000153                      000001530000000000000109                     I02153       20121700000000300003410000017N101017104700000000000102012170000000000000000000000000000000000000000100009060234758MARIA LUCIA ALVES CHAVES                ESTRADA: PONTA NEGRA                    MARICA      24900000MARICA         RJUNIAO UMB DOS CULTOS AFRO BRAS    20121710 000016
10231987175000168817800093673    0000152                      000001520000000000000109                     I02152       20121700000000340003410000017N101017104700000000000102012170000000000000000000000000000000000000000100000238705757ANGELA DA MOTTA NUNES SILVA             RUA: RIACHO DOCE                        OSVALDO CRUZ21340340RIO DE JANEIRO RJUNIAO UMB DOS CULTOS AFRO BRAS    20121710 000017
10231987175000168817800093673    0000144                      000001440000000000000109                     I02144       20121700000000300003410000017N101017104700000000000102012170000000000000000000000000000000000000000100045891028700DILCEA GUIMARAES MENDES DA SIL          RODOVIA: AMARAL PEIXOTO KM 14,5 Nº 190 INOA - MARIC24900000MARICA         RJUNIAO UMB DOS CULTOS AFRO BRAS    20121710 000018
10231987175000168817800093673    0000143                      000001430000000000000109                     I02143       20121700000000340003410000017N101017104700000000000102012170000000000000000000000000000000000000000100026376253768MARIA DE LOURDES DA SILVA FERN          RUA: ESTUDANTE PAULINO DURVAL, QUADRA 3 MAGE - RIO D25931882MAGE           RJUNIAO UMB DOS CULTOS AFRO BRAS    20121710 000019
10231987175000168817800093673    0000142                      000001420000000000000109                     I02142       20121700000000340003410000017N101017104700000000000102012170000000000000000000000000000000000000000100001246557770JOAO PEREIRA DA SILVA FILHO             RUA OLIVEIRA SILVA LOTE 4 QUADRA 17     SAO BENTO - 25070060DUQUE DE CAXIASRJUNIAO UMB DOS CULTOS AFRO BRAS    20121710 000020
10231987175000168817800093673    0000138                      000001380000000000000109                     I02138       20121700000000340003410000017N101017104700000000000102012170000000000000000000000000000000000000000100026141981704SILVANO GONCALVES DE AZEVEDO            ESTRADA DE ITAIPUACU, 321 - BEIRA RIO   INOA - MARIC24910000INOA - MARICA  RJUNIAO UMB DOS CULTOS AFRO BRAS    20121710 000021
10231987175000168817800093673    0000134                      000001340000000000000109                     I02134       30031800000000340003410000017N101017104700000000000103003180000000000000000000000000000000000000000100036352624715DEYSE LUZIA DE FREITA BRITTO            RUA DOIS LOTE 13 QUADRA 15 - CHACARAS DEINOA - MARIC24900000INOA - MARICA  RJUNIAO UMB DOS CULTOS AFRO BRAS    30031810 000022
9                                                                                                                                                                                                                                                                                                                                                                                                         000023
