01REMESSA01COBRANCA       817800093673        União Umb dos Cultos Afro Bra341BANCO ITAU SA  190818                                                                                                                                                                                                                                                                                                      000001
10231987175000168817800093673    000021405                    000214050000000000000109                     I0121405     31081800000000070003410000017N180818104700000000000103108180000000000000000000000000000000000000000100000000000373ANDRE LUIZ DINIZ CARDOSO                RUA CORDOVIL,                           PARADA DE LU21250450RIO DE JANEIRO RJUNIAO UMB DOS CULTOS AFRO BRAS    31081810 000002
10231987175000168817800093673    000021404                    000214040000000000000109                     I0121404     06091800000000210003410000017N180818104700000000000100609180000000000000000000000000000000000000000100000330025767NUBIA VIRGINIA DE ANDRADE MAGA          O MESMO                                 O MESMO     23573100RIO DE JANEIRO RJUNIAO UMB DOS CULTOS AFRO BRAS    06091810 000003
10231987175000168817800093673    000021403                    000214030000000000000109                     I0121403     20081800000000455003410000017N170818104700000000000102008180000000000000000000000000000000000000000100004419977752GISELE DE CASTILHO SOARES               RUA ARTHUR MAGALHAES N 64               COMENDADOR S26276605NOVA IGUACU    RJUNIAO UMB DOS CULTOS AFRO BRAS    20081810 000004
10231987175000168817800093673    000021402                    000214020000000000000109                     I0121402     21081800000000070003410000017N160818104700000000000102108180000000000000000000000000000000000000000100057231737749ELIZABETE CARVALHO COSTA                RUA EXPEDICIONARIO SIMAO FERNANDES, 31 BCOLUMBANDE -24451700SAO GONCALO    RJUNIAO UMB DOS CULTOS AFRO BRAS    21081810 000005
10231987175000168817800093673    000021401                    000214010000000000000109                     I0121401     10101800000000140003410000017N160818104700000000000101010180000000000000000000000000000000000000000100059334258772LUIZ ROBERTO REGO GAMA                  RUA MIGUEL POMBEIRO, 112                REALENGO - R21735280RIO DE JANEIRO RJUNIAO UMB DOS CULTOS AFRO BRAS    10101810 000006
10231987175000168817800093673    000021400                    000214000000000000000109                     I0121400     10091800000000175003410000017N160818104700000000000101009180000000000000000000000000000000000000000100059334258772LUIZ ROBERTO REGO GAMA                  RUA MIGUEL POMBEIRO, 112                REALENGO - R21735280RIO DE JANEIRO RJUNIAO UMB DOS CULTOS AFRO BRAS    10091810 000007
10231987175000168817800093673    000021399                    000213990000000000000109                     I0121399     30091800000000210003410000017N150818104700000000000103009180000000000000000000000000000000000000000100012663149705DIEGO PARREIRA DE ARAUJO                RUA ERMENEGILDO DE SOUZA                JARDIM SAO J23890103SEROPEDICA     RJUNIAO UMB DOS CULTOS AFRO BRAS    30091810 000008
10231987175000168817800093673    000021398                    000213980000000000000109                     I0121398     30081800000000245003410000017N150818104700000000000103008180000000000000000000000000000000000000000100012663149705DIEGO PARREIRA DE ARAUJO                RUA ERMENEGILDO DE SOUZA                JARDIM SAO J23890103SEROPEDICA     RJUNIAO UMB DOS CULTOS AFRO BRAS    30081810 000009
10231987175000168817800093673    000021397                    000213970000000000000109                     I0121397     20081800000000140003410000017N150818104700000000000102008180000000000000000000000000000000000000000100054770122772EDUARDO DOS SANTOS REIS NETO            RUA: BURITI                             MADUREIRA   20231046RIO DE JANEIRO RJUNIAO UMB DOS CULTOS AFRO BRAS    20081810 000010
10231987175000168817800093673    000021396                    000213960000000000000109                     I0121396     16081800000000175003410000017N150818104700000000000101608180000000000000000000000000000000000000000100003778949748MARLENE PEREIRA DA SILVA MELO           RUA BARAO DE AMAZONAS S/Nº             MARIA CONGA 25900000MAGE           RJUNIAO UMB DOS CULTOS AFRO BRAS    16081810 000011
10231987175000168817800093673    000021186                    000211860000000000000109                     I0221186     30061800000000035003410000017N120618104700000000000103006180000000000000000000000000000000000000000100003256338780REGINALDO ROSA DA SILVA                 RUA PAULO AFONSO                        IPIRANGA ALI26293381NOVA IGUACU    RJUNIAO UMB DOS CULTOS AFRO BRAS    30061810 000012
10231987175000168817800093673    000021183                    000211830000000000000109                     I0221183     30061800000000035003410000017N120618104700000000000103006180000000000000000000000000000000000000000100004474665775REGINALDO RAMOS DA SILVA                RUA JULIO DE CASTILHOS                  JARDIM ROTSE25270210DUQUE DE CAXIASRJUNIAO UMB DOS CULTOS AFRO BRAS    30061810 000013
10231987175000168817800093673    000021148                    000211480000000000000109                     I0221148     30061800000000035003410000017N050618104700000000000103006180000000000000000000000000000000000000000100004455965700MARIA DE LOURDES SOARES DA SIL          ESTRADA RJ 127 KM 25                    ALTO DO CHAF26650000PAULO DE FRONTIRJUNIAO UMB DOS CULTOS AFRO BRAS    30061810 000014
9                                                                                                                                                                                                                                                                                                                                                                                                         000015
