01REMESSA01COBRANCA       817800093673        União Umb dos Cultos Afro Bra341BANCO ITAU SA  270519                                                                                                                                                                                                                                                                                                      000001
10231987175000168817800093673    000039379                    000393790000000000000109                     I0239379     31031900000000040003410000017N261218105700000000000103103190000000000000000000000000000000000000000100000000000658MARIA JOSE PACHECO DO AMPARO            RUA SILVINO PINTON 0, TRAVESSA 3 CASA 2 SAPE        24315600NITEROI        RJUNIAO UMB DOS CULTOS AFRO BRAS    31031915 000002
10231987175000168817800093673    000039312                    000393120000000000000109                     I0239312     30031900000000040003410000017N261218105700000000000103003190000000000000000000000000000000000000000100000000000000REINALDO FERREIRA DOS SANTOS            RUA LESTEN 5,                           JARDIM PARAI26297294NOVA IGUACU    RJUNIAO UMB DOS CULTOS AFRO BRAS    30031915 000003
10231987175000168817800093673    000039236                    000392360000000000000109                     I0239236     30031900000000040003410000017N261218105700000000000103003190000000000000000000000000000000000000000100009924715790JOSEFA MARIA DA SILVA                   TRAVESSA DOS LAVRADORES N 14,           VILA SAO DOM26271340NOVA IGUACU    RJUNIAO UMB DOS CULTOS AFRO BRAS    30031915 000004
10231987175000168817800093673    000039233                    000392330000000000000109                     I0239233     30031900000000040003410000017N261218105700000000000103003190000000000000000000000000000000000000000100000000000000JORGE EDUARDO PEREIRA VIANNA            RUA TUIUTIN 98, CASA 4                  CABUCU      26291551NOVA IGUACU    RJUNIAO UMB DOS CULTOS AFRO BRAS    30031915 000005
10231987175000168817800093673    000039198                    000391980000000000000109                     I0239198     30031900000000040003410000017N261218105700000000000103003190000000000000000000000000000000000000000100000000000000FABIO DA SILVA                          RUA CAMORIMN 0, LOTE 6 QUADRA 34        JARDIM DELAM26317140QUEIMADOS      RJUNIAO UMB DOS CULTOS AFRO BRAS    30031915 000006
10231987175000168817800093673    000039045                    000390450000000000000109                     I0239045     30031900000000040003410000017N261218105700000000000103003190000000000000000000000000000000000000000100000000600716DALILA REIS PIMENTA                     ESTRADA: PLINIO CASADON 2325,           PRATA       26010421NOVA IGUACU    RJUNIAO UMB DOS CULTOS AFRO BRAS    30031915 000007
10231987175000168817800093673    000038952                    000389520000000000000109                     I0238952     30031900000000040003410000017N261218105700000000000103003190000000000000000000000000000000000000000100000000000000GUILHERME SANTOS LINHARES               TRAVESSA EUGENIA N 34, CASA 102         RAMOS       21060440RIO DE JANEIRO RJUNIAO UMB DOS CULTOS AFRO BRAS    30031915 000008
10231987175000168817800093673    000038378                    000383780000000000000109                     I0238378     30031900000000040003410000017N261218105700000000000103003190000000000000000000000000000000000000000100000000001038CARLOS JOSE GOMES DA SILVA              RUA: JABOTIN 200, CASA 2                BRAS DE PINA21215330RIO DE JANEIRO RJUNIAO UMB DOS CULTOS AFRO BRAS    30031915 000009
10231987175000168817800093673    000038341                    000383410000000000000109                     I0238341     30031900000000040003410000017N261218105700000000000103003190000000000000000000000000000000000000000100000000287789MARCELLIS ALELUIA BARRETO               RUA LAURENTINA ALVES PEREIRAN 0, CASA 45BADU        24320070NITEROI        RJUNIAO UMB DOS CULTOS AFRO BRAS    30031915 000010
10231987175000168817800093673    000038334                    000383340000000000000109                     I0238334     30031900000000040003410000017N261218105700000000000103003190000000000000000000000000000000000000000100000000001016ANA MARIA DE CARVALHO MENEZES           RUA: OASISN 187,                        PRAIA DA BRI23028320GUARATIBA      RJUNIAO UMB DOS CULTOS AFRO BRAS    30031915 000011
10231987175000168817800093673    000038328                    000383280000000000000109                     I0238328     30031900000000040003410000017N261218105700000000000103003190000000000000000000000000000000000000000100011037768703PATRICIA DE ALMEIDA                     RUA FRANCISCO MENDES FRANCON 229,       CENTRO      27135170BARRA DO PIRAI RJUNIAO UMB DOS CULTOS AFRO BRAS    30031915 000012
10231987175000168817800093673    000038324                    000383240000000000000109                     I0238324     30031900000000040003410000017N261218105700000000000103003190000000000000000000000000000000000000000100000000585700CONCEICAO ROSA STANESCO NICOLI          AVENIDA NOSSA SENHORA DE COPACABANAN 647COPACABANA  22050002RIO DE JANEIRO RJUNIAO UMB DOS CULTOS AFRO BRAS    30031915 000013
10231987175000168817800093673    000038294                    000382940000000000000109                     I0238294     30031900000000040003410000017N261218105700000000000103003190000000000000000000000000000000000000000100000000000000MARIA CRISTINA FURTADO DOS SAN          ESTRADA MONTE FORMOSON 0, LOTE 14 - LOTESACRAMENTO  24738660SAO GONCALO    RJUNIAO UMB DOS CULTOS AFRO BRAS    30031915 000014
10231987175000168817800093673    000038244                    000382440000000000000109                     I0238244     30031900000000040003410000017N261218105700000000000103003190000000000000000000000000000000000000000100000000000000SHIRLEY GOMES FRANCISCO DE SOU          RUA TEIXEIRA RAMALHON 185,              CACUIA      26082125NOVA IGUACU    RJUNIAO UMB DOS CULTOS AFRO BRAS    30031915 000015
10231987175000168817800093673    000038220                    000382200000000000000109                     I0238220     30031900000000040003410000017N261218105700000000000103003190000000000000000000000000000000000000000100000000000000MARIA DE LOURDES MATTOS DA SIL          RUA ADEMARN 5,                          BELA VISTA  26157180BELFORD ROXO   RJUNIAO UMB DOS CULTOS AFRO BRAS    30031915 000016
10231987175000168817800093673    000038188                    000381880000000000000109                     I0238188     30031900000000040003410000017N261218105700000000000103003190000000000000000000000000000000000000000100000000000000WILMA DE CASTRO GOUVEA                  RUA: DAMAZIO BATISTAN 86, CASA 97 - CABROLINDA      26515126NILOPOLIS      RJUNIAO UMB DOS CULTOS AFRO BRAS    30031915 000017
10231987175000168817800093673    000038176                    000381760000000000000109                     I0238176     30031900000000040003410000017N261218105700000000000103003190000000000000000000000000000000000000000100000000000000THIAGO BARBOSA DA SILVA                 RUA: PEDRO DOMINGUESN 52, CASA 2        ENCANTADO   20756080RIO DE JANEIRO RJUNIAO UMB DOS CULTOS AFRO BRAS    30031915 000018
10231987175000168817800093673    000038163                    000381630000000000000109                     I0238163     30031900000000040003410000017N261218105700000000000103003190000000000000000000000000000000000000000100021550550000MEYRE CHAVES SOARES                     RUA MARIO HERMESN 40, CASA 6            BENTO RIBEIR21550555RIO DE JANEIRO RJUNIAO UMB DOS CULTOS AFRO BRAS    30031915 000019
10231987175000168817800093673    000038140                    000381400000000000000109                     I0238140     30031900000000040003410000017N261218105700000000000103003190000000000000000000000000000000000000000100000000000000AGUINALDO DE PAULA BORGES               RUA ARNALDO MURINELIN 841, CASA3        ANCHIETA    21630060RIO DE JANEIRO RJUNIAO UMB DOS CULTOS AFRO BRAS    30031915 000020
10231987175000168817800093673    000038116                    000381160000000000000109                     I0238116     30031900000000040003410000017N261218105700000000000103003190000000000000000000000000000000000000000100000000000000GILMAR GAMMARO CARVALHO                 RUA GENERAL SEARAN 187, E 189           CAROLINA    25060010DUQUE DE CAXIASRJUNIAO UMB DOS CULTOS AFRO BRAS    30031915 000021
10231987175000168817800093673    000038088                    000380880000000000000109                     I0238088     30031900000000040003410000017N261218105700000000000103003190000000000000000000000000000000000000000100000000000000CARLOS ALBERTO PORTO LEAL               RUA FOSCAN 55,                          KENNEDY     26020015NOVA IGUACU    RJUNIAO UMB DOS CULTOS AFRO BRAS    30031915 000022
10231987175000168817800093673    000038081                    000380810000000000000109                     I0238081     30031900000000040003410000017N261218105700000000000103003190000000000000000000000000000000000000000100000000000855ELIZABETH GOMES MONTEIRO DA SI          RUA MUNIZ ACQUARONEN 74,                IRAJA       21220460RIO DE JANEIRO RJUNIAO UMB DOS CULTOS AFRO BRAS    30031915 000023
10231987175000168817800093673    000038069                    000380690000000000000109                     I0238069     30031900000000040003410000017N261218105700000000000103003190000000000000000000000000000000000000000100000000008438MARIA LEOPOLDINO DE MATOS               RUA URUCURANAN 177,                     BOA ESPERANC26143140NOVA IGUACU    RJUNIAO UMB DOS CULTOS AFRO BRAS    30031915 000024
10231987175000168817800093673    000038059                    000380590000000000000109                     I0238059     30031900000000040003410000017N261218105700000000000103003190000000000000000000000000000000000000000100000000000000MARIA DA PENHA DOS SANTOS MARQ          RUA: BRENO SOUZA ALVESN 11,             SAO BERNADO 26165000BELFORD ROXO   RJUNIAO UMB DOS CULTOS AFRO BRAS    30031915 000025
10231987175000168817800093673    000038008                    000380080000000000000109                     I0238008     30031900000000040003410000017N261218105700000000000103003190000000000000000000000000000000000000000100000000000000SANDRA REIS DOS SANTOS                  RUA BANGUN 197,                         DOUTOR LAURE25060180DUQUE DE CAXIASRJUNIAO UMB DOS CULTOS AFRO BRAS    30031915 000026
10231987175000168817800093673    000037982                    000379820000000000000109                     I0237982     30031900000000040003410000017N261218105700000000000103003190000000000000000000000000000000000000000100000000000000NEUZA MARIA MACHADO DA SILVA            RUA AUGUSTO SERGIO BOTELHON 0, QUADRA 67BARRO BRANCO25267124DUQUE DE CAXIASRJUNIAO UMB DOS CULTOS AFRO BRAS    30031915 000027
10231987175000168817800093673    000037913                    000379130000000000000109                     I0237913     30031900000000040003410000017N261218105700000000000103003190000000000000000000000000000000000000000100000000000000JUCELIO MONTINHO MAIA                   RUA OLIMPIO DA MOTAN 157,               IRAJA       21235510RIO DE JANEIRO RJUNIAO UMB DOS CULTOS AFRO BRAS    30031915 000028
10231987175000168817800093673    000037873                    000378730000000000000109                     I0237873     30031900000000040003410000017N261218105700000000000103003190000000000000000000000000000000000000000100000000000000MARIA FERNANDA NUNES FORTUNATO          RUA RICARDO CAMPELON 123, CASA 2        CAMARAO     24436790SAO GONCALO    RJUNIAO UMB DOS CULTOS AFRO BRAS    30031915 000029
10231987175000168817800093673    000037819                    000378190000000000000109                     I0237819     30031900000000040003410000017N261218105700000000000103003190000000000000000000000000000000000000000100000000000251NEUZA DE OLIVEIRA                       RUA CINQUENTA E CINCON 521, QUADRA 49 - SEPETIBA    23547490RIO DE JANEIRO RJUNIAO UMB DOS CULTOS AFRO BRAS    30031915 000030
10231987175000168817800093673    000037817                    000378170000000000000109                     I0237817     30031900000000040003410000017N261218105700000000000103003190000000000000000000000000000000000000000100000000000000ANA LUCIA FRANCISCO BORGES              RUA DO ACAFRAON 157, APTº 101          PADRE MIGUEL21870330RIO DE JANEIRO RJUNIAO UMB DOS CULTOS AFRO BRAS    30031915 000031
10231987175000168817800093673    000037814                    000378140000000000000109                     I0237814     30031900000000040003410000017N261218105700000000000103003190000000000000000000000000000000000000000100000000000000EVA ANA ROSA DOS SANTOS                 RUA SARGENTO ANDIRAS DE ABREU N 0, LOTE PALMARES - P23066080RIO DE JANEIRO RJUNIAO UMB DOS CULTOS AFRO BRAS    30031915 000032
10231987175000168817800093673    000037809                    000378090000000000000109                     I0237809     30031900000000040003410000017N261218105700000000000103003190000000000000000000000000000000000000000100000000000000OSVALDO LUIZ ESTRELA FERNANDES          RUA ANTONIO MATHEUSN 0, LOTE 31 A QUADRALEANDRO     23826225ITAGUAI        RJUNIAO UMB DOS CULTOS AFRO BRAS    30031915 000033
10231987175000168817800093673    000037797                    000377970000000000000109                     I0237797     30031900000000040003410000017N261218105700000000000103003190000000000000000000000000000000000000000100000000000000DALILA DE SOUZA PINHEIRO                RUA JOAO BRIGIDON 121,                  MAGALHAES BA21745480RIO DE JANEIRO RJUNIAO UMB DOS CULTOS AFRO BRAS    30031915 000034
10231987175000168817800093673    000037780                    000377800000000000000109                     I0237780     30031900000000040003410000017N261218105700000000000103003190000000000000000000000000000000000000000100000000000000ELOIDE GONCALVES GAIA                   RUA JORNALISTA SANDRA MOREYRAN 31, A    CAMPO GRANDE23071580RIO DE JANEIRO RJUNIAO UMB DOS CULTOS AFRO BRAS    30031915 000035
10231987175000168817800093673    000037741                    000377410000000000000109                     I0237741     30031900000000040003410000017N261218105700000000000103003190000000000000000000000000000000000000000100000000000807ELIZA DA SILVA                          RUA AMILTON NASCIMENTON 214,            CAROLINA    26012760NOVA IGUACU    RJUNIAO UMB DOS CULTOS AFRO BRAS    30031915 000036
10231987175000168817800093673    000037725                    000377250000000000000109                     I0237725     30031900000000040003410000017N261218105700000000000103003190000000000000000000000000000000000000000100000000000000NATERCIA MALVAR GARCIA LEITAO           RUA CIRO COSTAN 491,                    ENGENHO PEQU24417226SAO GONCALO    RJUNIAO UMB DOS CULTOS AFRO BRAS    30031915 000037
10231987175000168817800093673    000037710                    000377100000000000000109                     I0237710     30031900000000040003410000017N261218105700000000000103003190000000000000000000000000000000000000000100000000000000MARIA DA PIEDADE SANTANA DOS S          RUA SERGIO JOAO PEREIRAN 365,           HELIOPOLIS  26123120BELFORD ROXO   RJUNIAO UMB DOS CULTOS AFRO BRAS    30031915 000038
10231987175000168817800093673    000037709                    000377090000000000000109                     I0237709     30031900000000040003410000017N261218105700000000000103003190000000000000000000000000000000000000000100076103137774VICENTE DE PAULA PEREIRA                RUA POTINGUARAN 253,                    BOA ESPERANC26113720BELFORD ROXO   RJUNIAO UMB DOS CULTOS AFRO BRAS    30031915 000039
10231987175000168817800093673    000037703                    000377030000000000000109                     I0237703     30031900000000040003410000017N261218105700000000000103003190000000000000000000000000000000000000000100000000000000ANORELINA OLIVEIRA DOS SANTOS           RUA MAUAN 27,  QUADRA 14                VILA SAO JOA25570151SAO JOAO DE MERRJUNIAO UMB DOS CULTOS AFRO BRAS    30031915 000040
10231987175000168817800093673    000037671                    000376710000000000000109                     I0237671     30031900000000040003410000017N261218105700000000000103003190000000000000000000000000000000000000000100000000000000MARIA DE LOURDES VIEIRA DA SIL          RUA: PEDRO FERREIRAN 0, LOTE 28 QUADRA 2JARDIM CATAR24715380SAO GONCALO    RJUNIAO UMB DOS CULTOS AFRO BRAS    30031915 000041
10231987175000168817800093673    000037660                    000376600000000000000109                     I0237660     30031900000000040003410000017N261218105700000000000103003190000000000000000000000000000000000000000100000000000000GILBERTO DA SILVA BORBA                 RUA PROFESSOR JOAO RIBEIRO FILHON 570,  BANCO DE ARE26570160MESQUITA       RJUNIAO UMB DOS CULTOS AFRO BRAS    30031915 000042
10231987175000168817800093673    000037659                    000376590000000000000109                     I0237659     30031900000000040003410000017N261218105700000000000103003190000000000000000000000000000000000000000100000000000000JOSE ROMERO LEITE MARTINS               RUA ALCOBACAN 1345, CASA 1              ANCHIETA    21645001RIO DE JANEIRO RJUNIAO UMB DOS CULTOS AFRO BRAS    30031915 000043
10231987175000168817800093673    000037657                    000376570000000000000109                     I0237657     30031900000000040003410000017N261218105700000000000103003190000000000000000000000000000000000000000100000000000000VANIA MEDEIROS COUTINHO                 RUA TERESAN 0, LOTE 4 QUADRA 4          PARQUE XEREM25245470DUQUE DE CAXIASRJUNIAO UMB DOS CULTOS AFRO BRAS    30031915 000044
10231987175000168817800093673    000037654                    000376540000000000000109                     I0237654     30031900000000040003410000017N261218105700000000000103003190000000000000000000000000000000000000000100000000000000DAVID MOREIRA DE MENDONCA               RUA GENERAL RENATO PIQUETN 0, LOTE 27 QUSOMEL       23825460ITAGUAI        RJUNIAO UMB DOS CULTOS AFRO BRAS    30031915 000045
10231987175000168817800093673    000037648                    000376480000000000000109                     I0237648     30031900000000040003410000017N261218105700000000000103003190000000000000000000000000000000000000000100000000000000JOSE AMERICO ELIAS DE MIRANDA           RUA JAIME MUNIZN 0,  LOTE 1 QUADRA 12   ITAUNA      24474070SAO GONCALO    RJUNIAO UMB DOS CULTOS AFRO BRAS    30031915 000046
10231987175000168817800093673    000037639                    000376390000000000000109                     I0237639     30031900000000040003410000017N261218105700000000000103003190000000000000000000000000000000000000000100000000000000FATIMA APARECIDA AZEVEDO DE AL          RUA: VICENTE DE CARVALHO N 123,         BELFORD ROXO26165420RIO DE JANEIRO RJUNIAO UMB DOS CULTOS AFRO BRAS    30031915 000047
10231987175000168817800093673    000037633                    000376330000000000000109                     I0237633     30031900000000040003410000017N261218105700000000000103003190000000000000000000000000000000000000000100000000000000EDEVALDO NUNES                          RUA DO ROTEIRON 24,                     AUGUSTO VASC23012370RIO DE JANEIRO RJUNIAO UMB DOS CULTOS AFRO BRAS    30031915 000048
10231987175000168817800093673    000037627                    000376270000000000000109                     I0237627     30031900000000040003410000017N261218105700000000000103003190000000000000000000000000000000000000000100000000000000HILDA REGINA NICANOR DOS SANTO          RUA PASSO FUNDO - KM 35N 100, BOM JESUS JARDIM GUAND26298189NOVA IGUACU    RJUNIAO UMB DOS CULTOS AFRO BRAS    30031915 000049
10231987175000168817800093673    000037621                    000376210000000000000109                     I0237621     30031900000000040003410000017N261218105700000000000103003190000000000000000000000000000000000000000100000000000000MANOELINA DE PAULA SILVA                TRAVESSA FRANCISCO COUTO N 136,         VILA ISABEL 25811080TRES RIOS      RJUNIAO UMB DOS CULTOS AFRO BRAS    30031915 000050
10231987175000168817800093673    000037609                    000376090000000000000109                     I0237609     30031900000000040003410000017N261218105700000000000103003190000000000000000000000000000000000000000100000000000656GINO ZACARIAS DE JESUS                  RUA NOVEN 2, VILA GENI                  VILA GENI   23830010ITAGUAI        RJUNIAO UMB DOS CULTOS AFRO BRAS    30031915 000051
10231987175000168817800093673    000037589                    000375890000000000000109                     I0237589     30031900000000040003410000017N261218105700000000000103003190000000000000000000000000000000000000000100000000000000CELIO DELDUQUE                          RUA DOMINGOS PIRES N 181, 183           PILARES     20750160RIO DE JANEIRO RJUNIAO UMB DOS CULTOS AFRO BRAS    30031915 000052
10231987175000168817800093673    000037588                    000375880000000000000109                     I0237588     30031900000000040003410000017N261218105700000000000103003190000000000000000000000000000000000000000100000000000000ANA MARIA DIAS GOMES                    RUA JOAQUIM MURTINHO N 504,             BANANEIRAS  28970000ARARUAMA       RJUNIAO UMB DOS CULTOS AFRO BRAS    30031915 000053
10231987175000168817800093673    000037582                    000375820000000000000109                     I0237582     30031900000000040003410000017N261218105700000000000103003190000000000000000000000000000000000000000220237404000100TENDA DOS ORIXAS                        AVENIDA JOSE MARIOZZI FILHON 990,       GUARATIBA   23028400RIO DE JANEIRO RJUNIAO UMB DOS CULTOS AFRO BRAS    30031915 000054
10231987175000168817800093673    000037571                    000375710000000000000109                     I0237571     30031900000000040003410000017N261218105700000000000103003190000000000000000000000000000000000000000100000000000000SOLANGE DOS SANTOS SILVA                RUA QUATORZEN 0, LOTE 35 CASA 131 - ARAUCAMPO GRANDE23090370RIO DE JANEIRO RJUNIAO UMB DOS CULTOS AFRO BRAS    30031915 000055
10231987175000168817800093673    000037562                    000375620000000000000109                     I0237562     30031900000000040003410000017N261218105700000000000103003190000000000000000000000000000000000000000100000000000509DENILZA THIMOTHEO ROZA                  RUA MARIO CARPENTER  N 309, ENTRADA A APPILARES     20755062RIO DE JANEIRO RJUNIAO UMB DOS CULTOS AFRO BRAS    30031915 000056
10231987175000168817800093673    000037554                    000375540000000000000109                     I0237554     30031900000000040003410000017N261218105700000000000103003190000000000000000000000000000000000000000100000000000000DENISE DOS SANTOS OLIVEIRA              RUA BEZERRIL FONTENELEN 150,            IRAJA       21361640RIO DE JANEIRO RJUNIAO UMB DOS CULTOS AFRO BRAS    30031915 000057
10231987175000168817800093673    000037521                    000375210000000000000109                     I0237521     30031900000000040003410000017N261218105700000000000103003190000000000000000000000000000000000000000100000000000000DIVINA ANGELICA LOPES                   RUA ITAIN 296,                          ANCHIETA    21645300RIO DE JANEIRO RJUNIAO UMB DOS CULTOS AFRO BRAS    30031915 000058
10231987175000168817800093673    000037509                    000375090000000000000109                     I0237509     30031900000000040003410000017N261218105700000000000103003190000000000000000000000000000000000000000100000000000582LUIZ PAULO DA SILVEIRA JUNIOR           RUA ANTONIO DE HOLANDAN 120,            JARDIM NOVO 21760060RIO DE JANEIRO RJUNIAO UMB DOS CULTOS AFRO BRAS    30031915 000059
10231987175000168817800093673    000037496                    000374960000000000000109                     I0237496     30031900000000040003410000017N261218105700000000000103003190000000000000000000000000000000000000000100000000000555OLIMPIA SOARES DE ARAUJO                RUA: DEZN 0,  LOTE 46 QUADRA 12         COSMOS-  SAN23067010RIO DE JANEIRO RJUNIAO UMB DOS CULTOS AFRO BRAS    30031915 000060
10231987175000168817800093673    000037478                    000374780000000000000109                     I0237478     30031900000000040003410000017N261218105700000000000103003190000000000000000000000000000000000000000100000000000000JEANE HENRIETE JARDIM DE OLIVE          RUA DOUTOR FELIPE CALDASN 605,          SANTA HELENA26175705BELFORD ROXO   RJUNIAO UMB DOS CULTOS AFRO BRAS    30031915 000061
10231987175000168817800093673    000037463                    000374630000000000000109                     I0237463     30031900000000040003410000017N261218105700000000000103003190000000000000000000000000000000000000000100000000000116VERA NOGUEIRA FARNEZE                   ESTRADA DO MAPUA N 899,                 TAQUARA     22713320RIO DE JANEIRO RJUNIAO UMB DOS CULTOS AFRO BRAS    30031915 000062
10231987175000168817800093673    000037461                    000374610000000000000109                     I0237461     30031900000000040003410000017N261218105700000000000103003190000000000000000000000000000000000000000100000000000000REINALDO GONCALVES DA ROCHA             ESTRADA RODRIGUES CALDASN 3400, AVENIDA TAQUARA     22713375RIO DE JANEIRO RJUNIAO UMB DOS CULTOS AFRO BRAS    30031915 000063
10231987175000168817800093673    000037460                    000374600000000000000109                     I0237460     30031900000000040003410000017N261218105700000000000103003190000000000000000000000000000000000000000100000000000115MARIA APARECIDA LOPES DA SILVA          ESTRADA DOS TRES RIOSN 90, SALA 312     FREGUESIA  -22755002RIO DE JANEIRO RJUNIAO UMB DOS CULTOS AFRO BRAS    30031915 000064
10231987175000168817800093673    000037455                    000374550000000000000109                     I0237455     30031900000000040003410000017N261218105700000000000103003190000000000000000000000000000000000000000100000000000061VERA REGINA GONCALVES                   RUA ANTONIO ALVESN 417,                 COSTA BARROS21650020RIO DE JANEIRO RJUNIAO UMB DOS CULTOS AFRO BRAS    30031915 000065
9                                                                                                                                                                                                                                                                                                                                                                                                         000066
