01REMESSA01COBRANCA       916200163100        União Umb dos Cultos Afro Bra341BANCO ITAU SA  010318                                                                                                                                                                                                                                                                                                      000001
10231987175000168916200163100    000014154                    000141540000000000000109                     I0114154     30051800000000035003410000017N010318104700000000000103005180000000000000000000000000000000000000000100032637128764MARLENE DA CRUZ                         AVENIDA ABILIO AUGUSTO TAVORA           VALVERDE    26290600NOVA IGUACU    RJUNIAO UMB DOS CULTOS AFRO BRAS    30051810 000002
10231987175000168916200163100    000014153                    000141530000000000000109                     I0114153     30051800000000035003410000017N010318104700000000000103005180000000000000000000000000000000000000000100058756280734SANDRA REGINA DA CONCEICAO              RUA BUENOS AIRES                        JARDIM PERNA26275390NOVA IGUACU    RJUNIAO UMB DOS CULTOS AFRO BRAS    30051810 000003
10231987175000168916200163100    000014152                    000141520000000000000109                     I0114152     30041800000000035003410000017N010318104700000000000103004180000000000000000000000000000000000000000100058756280734SANDRA REGINA DA CONCEICAO              RUA BUENOS AIRES                        JARDIM PERNA26275390NOVA IGUACU    RJUNIAO UMB DOS CULTOS AFRO BRAS    30041810 000004
10231987175000168916200163100    000014151                    000141510000000000000109                     I0114151     30041800000000035003410000017N010318104700000000000103004180000000000000000000000000000000000000000100032637128764MARLENE DA CRUZ                         AVENIDA ABILIO AUGUSTO TAVORA           VALVERDE    26290600NOVA IGUACU    RJUNIAO UMB DOS CULTOS AFRO BRAS    30041810 000005
10231987175000168916200163100    000014149                    000141490000000000000109                     I0114149     30031800000000035003410000017N010318104700000000000103003180000000000000000000000000000000000000000100058756280734SANDRA REGINA DA CONCEICAO              RUA BUENOS AIRES                        JARDIM PERNA26275390NOVA IGUACU    RJUNIAO UMB DOS CULTOS AFRO BRAS    30031810 000006
10231987175000168916200163100    000014148                    000141480000000000000109                     I0114148     30031800000000035003410000017N010318104700000000000103003180000000000000000000000000000000000000000100032637128764MARLENE DA CRUZ                         AVENIDA ABILIO AUGUSTO TAVORA           VALVERDE    26290600NOVA IGUACU    RJUNIAO UMB DOS CULTOS AFRO BRAS    30031810 000007
10231987175000168916200163100    000014147                    000141470000000000000109                     I0114147     05031800000000035003410000017N010318104700000000000100503180000000000000000000000000000000000000000100002812320706COSME PAULO DA COSTA CRAVO              RUA PADRE MANOEL DE NOBREGA N 505       QUINTINO BOC21381000RIO DE JANEIRO RJUNIAO UMB DOS CULTOS AFRO BRAS    05031810 000008
10231987175000168916200163100    000014145                    000141450000000000000109                     I0114145     05031800000000035003410000017N010318104700000000000100503180000000000000000000000000000000000000000100082347301772MARISTELA TORQUATO SILVA BRITT          O MESMO                                 O MESMO     26535340NILOPOLIS      RJUNIAO UMB DOS CULTOS AFRO BRAS    05031810 000009
10231987175000168916200163100    000014144                    000141440000000000000109                     I0114144     30051800000000035003410000017N010318104700000000000103005180000000000000000000000000000000000000000100047585978715HARILDO FRANCISCO DOS SANTOS            RUA:JOSE PINTO DE MACEDO-TRAV.TODOS OS PARRAIAL DO C28930000ARRAIAL DO CABORJUNIAO UMB DOS CULTOS AFRO BRAS    30051810 000010
10231987175000168916200163100    000014143                    000141430000000000000109                     I0114143     30041800000000035003410000017N010318104700000000000103004180000000000000000000000000000000000000000100047585978715HARILDO FRANCISCO DOS SANTOS            RUA:JOSE PINTO DE MACEDO-TRAV.TODOS OS PARRAIAL DO C28930000ARRAIAL DO CABORJUNIAO UMB DOS CULTOS AFRO BRAS    30041810 000011
10231987175000168916200163100    000014142                    000141420000000000000109                     I0114142     30031800000000070003410000017N010318104700000000000103003180000000000000000000000000000000000000000100047585978715HARILDO FRANCISCO DOS SANTOS            RUA:JOSE PINTO DE MACEDO-TRAV.TODOS OS PARRAIAL DO C28930000ARRAIAL DO CABORJUNIAO UMB DOS CULTOS AFRO BRAS    30031810 000012
10231987175000168916200163100    000014141                    000141410000000000000109                     I0114141     05031800000000035003410000017N010318104700000000000100503180000000000000000000000000000000000000000100049170872791SONIA REGINA BARBOSA CAVATO             AVENIDA: SCHULTZ WENK Nº 183           CORDOVIL - R21012155RIO DE JANEIRO RJUNIAO UMB DOS CULTOS AFRO BRAS    05031810 000013
10231987175000168916200163100    000014140                    000141400000000000000109                     I0114140     09031800000000070003410000017N010318104700000000000100903180000000000000000000000000000000000000000100096252634700PATRICIA BORGES                         O MESMO                                 O MESMO     23530074RIO DE JANEIRO RJUNIAO UMB DOS CULTOS AFRO BRAS    09031810 000014
10231987175000168916200163100    000014139                    000141390000000000000109                     I0114139     05031800000000070003410000017N010318104700000000000100503180000000000000000000000000000000000000000100077165772715EDNA SANTOS DA TRINDADE                 ESTRADA DO PIAI N 3910 - QUADRA B CASA 7SEPETIBA - R23530610RIO DE JANEIRI RJUNIAO UMB DOS CULTOS AFRO BRAS    05031810 000015
10231987175000168916200163100    000014138                    000141380000000000000109                     I0114138     15031800000000350003410000017N010318104700000000000101503180000000000000000000000000000000000000000100052357023791DILMA DA SILVA BILONIA                  RUA CERES N 603                         BANGU - RJ  21862070RIO DE JANEIRO RJUNIAO UMB DOS CULTOS AFRO BRAS    15031810 000016
10231987175000168916200163100    000014137                    000141370000000000000109                     I0114137     15031800000000070003410000017N010318104700000000000101503180000000000000000000000000000000000000000100003019825709BARBARA CRISPINIANO SIMOES CUN          RUA DOUTOR MARIO VALADARES, 568         CENTRO - NIL26535338NILOPOLIS      RJUNIAO UMB DOS CULTOS AFRO BRAS    15031810 000017
10231987175000168916200163100    000014100                    000141000000000000000109                     I3414100     10041800000000350003410000017N270218104700000000000101004180000000000000000000000000000000000000000100001804015725ZELIA CAMPOSO FURTADO                   RUA OURO BRANCO, 511                    VILA VALQUEI21321560RIO DE JANEIRO RJUNIAO UMB DOS CULTOS AFRO BRAS    10041810 000018
10231987175000168916200163100    00008985                     000089850000000000000109                     I348985      28021800000000035003410000017N030118104700000000000102802180000000000000000000000000000000000000000100000119220792ANA MARIA PASSOS INOCENCIO              RUA CACONDE N 258                       RIO DE JANEI21331415RIO DE JANEIRO RJUNIAO UMB DOS CULTOS AFRO BRAS    28021810 000019
10231987175000168916200163100    00008984                     000089840000000000000109                     I348984      31011800000000035003410000017N030118104700000000000103101180000000000000000000000000000000000000000100000119220792ANA MARIA PASSOS INOCENCIO              RUA CACONDE N 258                       RIO DE JANEI21331415RIO DE JANEIRO RJUNIAO UMB DOS CULTOS AFRO BRAS    31011810 000020
10231987175000168916200163100    00008766                     000087660000000000000109                     I028766      31011800000000035003410000017N020118104700000000000103101180000000000000000000000000000000000000000100006715164851MARISA DA SILVA                         RUA DOZE, 19                            MARACAIBO - 12120000TREMEMBE       SPUNIAO UMB DOS CULTOS AFRO BRAS    31011810 000021
10231987175000168916200163100    00004351                     000043510000000000000109                     I024351      22121700000000350003410000017N171117104700000000000102212170000000000000000000000000000000000000000100015477441704RAFAEL LOPES DOS SANTOS                 RUA ARARUAMA N 18 CASA 2                VILAR DOS TE25571430SAO JOAO DE MERRJUNIAO UMB DOS CULTOS AFRO BRAS    22121710 000022
10231987175000168916200163100    00002308                     000023080000000000000109                     I022308      31121700000000035003410000017N131117104700000000000103112170000000000000000000000000000000000000000100077165772715EDNA SANTOS DA TRINDADE                 ESTRADA DO PIAI N 3910 - QUADRA B CASA 7SEPETIBA - R23530610RIO DE JANEIRI RJUNIAO UMB DOS CULTOS AFRO BRAS    31121710 000023
9                                                                                                                                                                                                                                                                                                                                                                                                         000024
