01REMESSA01COBRANCA       817800093673        União Umb dos Cultos Afro Bra341BANCO ITAU SA  060318                                                                                                                                                                                                                                                                                                      000001
10231987175000168817800093673    000013939                    000139390000000000000109                     I0213939     28021800000000035003410000017N200218104700000000000102802180000000000000000000000000000000000000000100049170872791SONIA REGINA BARBOSA CAVATO             AVENIDA: SCHULTZ WENK Nº 183           CORDOVIL - R21012155RIO DE JANEIRO RJUNIAO UMB DOS CULTOS AFRO BRAS    28021810 000002
10231987175000168817800093673    000013031                    000130310000000000000109                     I0213031     30051800000000035003410000017N200218104700000000000103005180000000000000000000000000000000000000000100042909422804RAMALHO BORBA SILVA                     RUA HENRI DUMONT, 841                   CAMPO GRANDE23052350RIO DE JANEIRO RJUNIAO UMB DOS CULTOS AFRO BRAS    30051810 000003
10231987175000168817800093673    000012955                    000129550000000000000109                     I0212955     30051800000000035003410000017N200218104700000000000103005180000000000000000000000000000000000000000100007965913771ANDREA CARLA FREITAS E SILVA            RUA SAO MARCOS, 23 QUADRA 25            KM 32 - NOVA26298548NOVA IGUACU    RJUNIAO UMB DOS CULTOS AFRO BRAS    30051810 000004
10231987175000168817800093673    000012338                    000123380000000000000109                     I0212338     30051800000000035003410000017N200218104700000000000103005180000000000000000000000000000000000000000100001655794710ADRIANA QUEIROZ DE ARAUJO SOAR          RUA: SAMPAIO CORREIA Nº 113 - COLONIA  JACAREPAGUA 22713371RIO DE JANEIRO RJUNIAO UMB DOS CULTOS AFRO BRAS    30051810 000005
10231987175000168817800093673    000011422                    000114220000000000000109                     I0211422     30041800000000035003410000017N200218104700000000000103004180000000000000000000000000000000000000000100042909422804RAMALHO BORBA SILVA                     RUA HENRI DUMONT, 841                   CAMPO GRANDE23052350RIO DE JANEIRO RJUNIAO UMB DOS CULTOS AFRO BRAS    30041810 000006
10231987175000168817800093673    000011346                    000113460000000000000109                     I0211346     30041800000000035003410000017N200218104700000000000103004180000000000000000000000000000000000000000100007965913771ANDREA CARLA FREITAS E SILVA            RUA SAO MARCOS, 23 QUADRA 25            KM 32 - NOVA26298548NOVA IGUACU    RJUNIAO UMB DOS CULTOS AFRO BRAS    30041810 000007
10231987175000168817800093673    000010973                    000109730000000000000109                     I3410973     30041800000000035003410000017N200218104700000000000103004180000000000000000000000000000000000000000100001799273709ANSELMO FERREIRA DEGENAR                RUA NOSSA SENHORA DE NAZARE N 31        PAVUNA      21655550RIO DE JANEIRO RJUNIAO UMB DOS CULTOS AFRO BRAS    30041810 000008
10231987175000168817800093673    000010842                    000108420000000000000109                     I0210842     30041800000000035003410000017N200218104700000000000103004180000000000000000000000000000000000000000100001115386700DILZA TORRES PINTO DE JESUS             RUA: MARECHAL BARBEDO                   REALENGO - R21735340RIO DE JANEIRO RJUNIAO UMB DOS CULTOS AFRO BRAS    30041810 000009
10231987175000168817800093673    000010729                    000107290000000000000109                     I0210729     30041800000000035003410000017N200218104700000000000103004180000000000000000000000000000000000000000100001655794710ADRIANA QUEIROZ DE ARAUJO SOAR          RUA: SAMPAIO CORREIA Nº 113 - COLONIA  JACAREPAGUA 22713371RIO DE JANEIRO RJUNIAO UMB DOS CULTOS AFRO BRAS    30041810 000010
10231987175000168817800093673    00009813                     000098130000000000000109                     I029813      30031800000000035003410000017N200218104700000000000103003180000000000000000000000000000000000000000100042909422804RAMALHO BORBA SILVA                     RUA HENRI DUMONT, 841                   CAMPO GRANDE23052350RIO DE JANEIRO RJUNIAO UMB DOS CULTOS AFRO BRAS    30031810 000011
10231987175000168817800093673    00009737                     000097370000000000000109                     I029737      30031800000000035003410000017N200218104700000000000103003180000000000000000000000000000000000000000100007965913771ANDREA CARLA FREITAS E SILVA            RUA SAO MARCOS, 23 QUADRA 25            KM 32 - NOVA26298548NOVA IGUACU    RJUNIAO UMB DOS CULTOS AFRO BRAS    30031810 000012
10231987175000168817800093673    00009449                     000094490000000000000109                     I029449      30031800000000035003410000017N200218104700000000000103003180000000000000000000000000000000000000000100049170872791SONIA REGINA BARBOSA CAVATO             AVENIDA: SCHULTZ WENK Nº 183           CORDOVIL - R21012155RIO DE JANEIRO RJUNIAO UMB DOS CULTOS AFRO BRAS    30031810 000013
10231987175000168817800093673    00009364                     000093640000000000000109                     I349364      30031800000000035003410000017N200218104700000000000103003180000000000000000000000000000000000000000100001799273709ANSELMO FERREIRA DEGENAR                RUA NOSSA SENHORA DE NAZARE N 31        PAVUNA      21655550RIO DE JANEIRO RJUNIAO UMB DOS CULTOS AFRO BRAS    30031810 000014
10231987175000168817800093673    00009233                     000092330000000000000109                     I029233      30031800000000035003410000017N200218104700000000000103003180000000000000000000000000000000000000000100001115386700DILZA TORRES PINTO DE JESUS             RUA: MARECHAL BARBEDO                   REALENGO - R21735340RIO DE JANEIRO RJUNIAO UMB DOS CULTOS AFRO BRAS    30031810 000015
10231987175000168817800093673    00009120                     000091200000000000000109                     I029120      30031800000000035003410000017N200218104700000000000103003180000000000000000000000000000000000000000100001655794710ADRIANA QUEIROZ DE ARAUJO SOAR          RUA: SAMPAIO CORREIA Nº 113 - COLONIA  JACAREPAGUA 22713371RIO DE JANEIRO RJUNIAO UMB DOS CULTOS AFRO BRAS    30031810 000016
10231987175000168817800093673    00009084                     000090840000000000000109                     I029084      10021800000000629253410000017N300118104700000000000101002180000000000000000000000000000000000000000100025937030753MANOEL GABRIEL DA SILVA                 RUA: ALCIDES MAIA                       BENTO RIBEIR21550560RIO DE JANEIRO RJUNIAO UMB DOS CULTOS AFRO BRAS    10021810 000017
10231987175000168817800093673    00008325                     000083250000000000000109                     I028325      28021800000000035003410000017N291217104700000000000102802180000000000000000000000000000000000000000100009770274739DOUGLAS PACHECO PINHEIRO                RUA PROFESSOR ALFREDO GOMES, 43         MANOEL REIS 26515820BELFORD ROXO   RJUNIAO UMB DOS CULTOS AFRO BRAS    28021810 000018
10231987175000168817800093673    00008229                     000082290000000000000109                     I028229      28021800000000035003410000017N291217104700000000000102802180000000000000000000000000000000000000000100001625540795JUCILENE GOMES MINDAS DOS SANT          RUA MENDEL CARDOSO DE MATTOS, LOTE 5 QUAPARAISO - NO26297009NOVA IGUACU    RJUNIAO UMB DOS CULTOS AFRO BRAS    28021810 000019
10231987175000168817800093673    00008131                     000081310000000000000109                     I028131      28021800000000035003410000017N291217104700000000000102802180000000000000000000000000000000000000000100007965913771ANDREA CARLA FREITAS E SILVA            RUA SAO MARCOS, 23 QUADRA 25            KM 32 - NOVA26298548NOVA IGUACU    RJUNIAO UMB DOS CULTOS AFRO BRAS    28021810 000020
10231987175000168817800093673    00007872                     000078720000000000000109                     I027872      28021800000000035003410000017N291217104700000000000102802180000000000000000000000000000000000000000100001655794710ADRIANA QUEIROZ DE ARAUJO SOAR          RUA: SAMPAIO CORREIA Nº 113 - COLONIA  JACAREPAGUA 22713371RIO DE JANEIRO RJUNIAO UMB DOS CULTOS AFRO BRAS    28021810 000021
10231987175000168817800093673    00006426                     000064260000000000000109                     I026426      28021800000000035003410000017N271217104700000000000102802180000000000000000000000000000000000000000100096252634700PATRICIA BORGES                         O MESMO                                 O MESMO     23530074RIO DE JANEIRO RJUNIAO UMB DOS CULTOS AFRO BRAS    28021810 000022
10231987175000168817800093673    00006389                     000063890000000000000109                     I026389      28021800000000035003410000017N271217104700000000000102802180000000000000000000000000000000000000000100000080766773SONIA CRISTINA DA SILVA ALVES           RUA AMARO AGUIAR BRANDAO, 72            BECO MAUA - 26193600BELFORD ROXO   RJUNIAO UMB DOS CULTOS AFRO BRAS    28021810 000023
10231987175000168817800093673    00005176                     000051760000000000000109                     I025176      31011800000000035003410000017N261217104700000000000103101180000000000000000000000000000000000000000100096252634700PATRICIA BORGES                         O MESMO                                 O MESMO     23530074RIO DE JANEIRO RJUNIAO UMB DOS CULTOS AFRO BRAS    31011810 000024
10231987175000168817800093673    00005139                     000051390000000000000109                     I025139      31011800000000035003410000017N261217104700000000000103101180000000000000000000000000000000000000000100000080766773SONIA CRISTINA DA SILVA ALVES           RUA AMARO AGUIAR BRANDAO, 72            BECO MAUA - 26193600BELFORD ROXO   RJUNIAO UMB DOS CULTOS AFRO BRAS    31011810 000025
10231987175000168817800093673    00001448                     000014480000000000000109                     I021448      20121700000000270003410000017N251017104700000000000102012170000000000000000000000000000000000000000100002554595720ROSA CRISTINA SANTANA BARBOSA           RUA JOSE FERNANDES N 14                 SEPETIBA - R23535450RIO DE JANEIRO RJUNIAO UMB DOS CULTOS AFRO BRAS    20121710 000026
10231987175000168817800093673    00001447                     000014470000000000000109                     I021447      20121700000000180003410000017N251017104700000000000102012170000000000000000000000000000000000000000200000000008339ENI MOREIRA DE SOUZA                    RUA DAVILA N 3                          SANTA CRUZ -25550640RIO DE JANEIRO RJUNIAO UMB DOS CULTOS AFRO BRAS    20121710 000027
10231987175000168817800093673    00001005                     000010050000000000000109                     I021005      20121700000000340003410000017N241017104700000000000102012170000000000000000000000000000000000000000100001655794710ADRIANA QUEIROZ DE ARAUJO SOAR          RUA: SAMPAIO CORREIA Nº 113 - COLONIA  JACAREPAGUA 22713371RIO DE JANEIRO RJUNIAO UMB DOS CULTOS AFRO BRAS    20121710 000028
10231987175000168817800093673    0000822                      000008220000000000000109                     I02822       20121700000000350003410000017N171017104700000000000102012170000000000000000000000000000000000000000100007965913771ANDREA CARLA FREITAS E SILVA            RUA SAO MARCOS, 23 QUADRA 25            KM 32 - NOVA26298548NOVA IGUACU    RJUNIAO UMB DOS CULTOS AFRO BRAS    20121710 000029
10231987175000168817800093673    0000534                      000005340000000000000109                     I02534       20121700000000340003410000017N101017104700000000000102012170000000000000000000000000000000000000000100009770274739DOUGLAS PACHECO PINHEIRO                RUA PROFESSOR ALFREDO GOMES, 43         MANOEL REIS 26515820BELFORD ROXO   RJUNIAO UMB DOS CULTOS AFRO BRAS    20121710 000030
10231987175000168817800093673    0000323                      000003230000000000000109                     I02323       20121700000000300003410000017N101017104700000000000102012170000000000000000000000000000000000000000100001625540795JUCILENE GOMES MINDAS DOS SANT          RUA MENDEL CARDOSO DE MATTOS, LOTE 5 QUAPARAISO - NO26297009NOVA IGUACU    RJUNIAO UMB DOS CULTOS AFRO BRAS    20121710 000031
10231987175000168817800093673    0000186                      000001860000000000000109                     I02186       09031800000000350003410000017N101017104700000000000100903180000000000000000000000000000000000000000100042909422804RAMALHO BORBA SILVA                     RUA HENRI DUMONT, 841                   CAMPO GRANDE23052350RIO DE JANEIRO RJUNIAO UMB DOS CULTOS AFRO BRAS    09031810 000032
10231987175000168817800093673    0000106                      000001060000000000000109                     I02106       20121700000000340003410000017N101017104700000000000102012170000000000000000000000000000000000000000100000903948796MARIA VILANY DE OLIVEIRA BIEGL          RUA D SN LOTE 68 QUADRA 13              PARQUE SANTA25915000MAGE           RJUNIAO UMB DOS CULTOS AFRO BRAS    20121710 000033
9                                                                                                                                                                                                                                                                                                                                                                                                         000034
