01REMESSA01COBRANCA       916200163100        União Umb dos Cultos Afro Bra341BANCO ITAU SA  240419                                                                                                                                                                                                                                                                                                      000001
10231987175000168916200163100    000039436                    000394360000000000000109                     I0239436     28021900000000040003410000017N020119105700000000000102802190000000000000000000000000000000000000000100007717387735VALNICE DA SILVA RODRIGUES MEN          TRAVESSA NOVEN 35, BNH                  VILA VELHA (25912185MAGE           RJUNIAO UMB DOS CULTOS AFRO BRAS    28021915 000002
10231987175000168916200163100    000039444                    000394440000000000000109                     I0239444     28021900000000040003410000017N020119105700000000000102802190000000000000000000000000000000000000000100068424647734MARCIA VALERIA VALIATI DOS SAN          RUA CONSTANCA BARBOSA N 65, APARTAMENTO MEIER       20735090RIO DE JANEIRO RJUNIAO UMB DOS CULTOS AFRO BRAS    28021915 000003
10231987175000168916200163100    000039447                    000394470000000000000109                     I0239447     28021900000000040003410000017N020119105700000000000102802190000000000000000000000000000000000000000100016424589880LUIZ CARLOS BRITO                       RUA LIBERDADEN 368,                     CIDADE JARDI26063230NOVA IGUACU    RJUNIAO UMB DOS CULTOS AFRO BRAS    28021915 000004
10231987175000168916200163100    000039709                    000397090000000000000109                     I0239709     28021900000000040003410000017N010219105700000000000102802190000000000000000000000000000000000000000100054222141704WALMIR CARVALHO GUIMARAES               RUA BOA VIAGEMN 186, CASA               IPIRANGA    26293591NOVA IGUACU    RJUNIAO UMB DOS CULTOS AFRO BRAS    28021915 000005
10231987175000168916200163100    000039456                    000394560000000000000109                     I0239456     28021900000000040003410000017N020119105700000000000102802190000000000000000000000000000000000000000100053177827753CREUZA FREITAS DOS SANTOS               RUA HERMES DA SILVA N 63, A             SANTA CRUZ  23550155RIO DE JANEIRO RJUNIAO UMB DOS CULTOS AFRO BRAS    28021915 000006
10231987175000168916200163100    000039485                    000394850000000000000109                     I0239485     28021900000000040003410000017N040119105700000000000102802190000000000000000000000000000000000000000100047933933220LUCIANA COSTA OLIVEIRA LEITE            AVENIDA PRIMEIRO DE MAION 3890, QUADRA 1CENTRO (S-0176980120VILHENA        ROUNIAO UMB DOS CULTOS AFRO BRAS    28021915 000007
10231987175000168916200163100    000039491                    000394910000000000000109                     I0239491     28021900000000040003410000017N040119105700000000000102802190000000000000000000000000000000000000000100009448785712ANDREIA SOUSA SERRA                     RUA BIRIGUIN 4464,                      BOA VISTA   24466190SAO GONCALO    RJUNIAO UMB DOS CULTOS AFRO BRAS    28021915 000008
10231987175000168916200163100    000039790                    000397900000000000000109                     I0239790     28021900000000080003410000017N140219105700000000000102802190000000000000000000000000000000000000000100010426625765ALESSANDRA LAURIANO LIMA DOMIN          RUA PROJETADAN 4,                       ANCORA      28899515RIO DAS OSTRAS RJUNIAO UMB DOS CULTOS AFRO BRAS    28021915 000009
10231987175000168916200163100    000039816                    000398160000000000000109                     I0239816     28021900000000050003410000017N190219105700000000000102802190000000000000000000000000000000000000000100007485965778GRACIETE LEAO TANGUA                    RUA ROBERTO RANGEL LIMAN 0, LOTE 16 QUADMAURI - PIAB25915000MAGE           RJUNIAO UMB DOS CULTOS AFRO BRAS    28021915 000010
10231987175000168916200163100    000039822                    000398220000000000000109                     I0239822     28021900000000300003410000017N200219105700000000000102802190000000000000000000000000000000000000000100003748838743ALESSANDRA REIS DOS SANTOS              RUA MARANGA N 123, BL 3 APTO 303        PRACA SECA  21321660RIO DE JANEIRO RJUNIAO UMB DOS CULTOS AFRO BRAS    28021915 000011
10231987175000168916200163100    000039837                    000398370000000000000109                     I0239837     28021900000000040003410000017N220219105700000000000102802190000000000000000000000000000000000000000100013118884703WESLEI FERREIRA DE CARVALHO             ESTRADA DO  GUERENGUEN 1022, FUNODS     TAQUARA     22713004RIO DE JANEIRO RJUNIAO UMB DOS CULTOS AFRO BRAS    28021915 000012
10231987175000168916200163100    000039650                    000396500000000000000109                     I0239650     28021900000000040003410000017N250119105700000000000102802190000000000000000000000000000000000000000100093759215734LACY DE SOUZA NERYS                     RUA ARTICA N 77,                        COMENDADOR S26276180NOVA IGUACU    RJUNIAO UMB DOS CULTOS AFRO BRAS    28021915 000013
10231987175000168916200163100    000039825                    000398250000000000000109                     I0239825     05031900000000070003410000017N200219105700000000000100503190000000000000000000000000000000000000000100050246534753TANIA MARIA DA SILVA OLIVEIRA           TRAVESSA MARAJON 1002,                  LINDO PARQUE24420100SAO GONCALO    RJUNIAO UMB DOS CULTOS AFRO BRAS    05031915 000014
10231987175000168916200163100    000039467                    000394670000000000000109                     I0239467     10031900000000105003410000017N030119105700000000000101003190000000000000000000000000000000000000000100064915026787MARTINA SELMA DA COSTA                  RUA BUCARESTEN 0, LOTE 27 QUADRA 79     VILA CENTRAL26316136QUEIMADOS      RJUNIAO UMB DOS CULTOS AFRO BRAS    10031915 000015
10231987175000168916200163100    000039783                    000397830000000000000109                     I0239783     10031900000000500003410000017N130219105700000000000101003190000000000000000000000000000000000000000100061432504304CARLOS ALBERTO DOS SANTOS SILV          RUA ALBERTO ELOY COSTAN 17,             SAO GERARDO 60320825FORTALEZA      CEUNIAO UMB DOS CULTOS AFRO BRAS    10031915 000016
10231987175000168916200163100    000039844                    000398440000000000000109                     I0239844     10031900000000150003410000017N260219105700000000000101003190000000000000000000000000000000000000000100078754143772CARMEN NAJARA BAUCE DA SILVA            RUA HEITOR DE MOURA ESTEVAO N 102, APTºVARZEA      25953090TERESOPOLIS    RJUNIAO UMB DOS CULTOS AFRO BRAS    10031915 000017
10231987175000168916200163100    000041506                    000415060000000000000109                     I0241506     14031900000000280003410000017N120319105700000000000101403190000000000000000000000000000000000000000100008331240723MONIQUE SUZANO ASSUNCAO DE OLI          RUA: DIVINOPOLIS N 35,                  BENTO RIBEIR21550280RIO DE JANEIRO RJUNIAO UMB DOS CULTOS AFRO BRAS    14031915 000018
10231987175000168916200163100    000039807                    000398070000000000000109                     I0239807     20031900000000040003410000017N180219105700000000000102003190000000000000000000000000000000000000000100008527396726JUSSARA BALBINO GENUARIO                RUA DAS MARGARIDASN 16,                 CHAPERO     23830240ITAGUAI        RJUNIAO UMB DOS CULTOS AFRO BRAS    20031915 000019
10231987175000168916200163100    000044806                    000448060000000000000109                     I0244806     22031900000000160003410000017N140319105700000000000102203190000000000000000000000000000000000000000100068373570772RONILCE CAMILO DA SILVA                 RUA RUBY ALBERTORIAN 158, APT 101       BARAO DE GUA26061155NOVA IGUACU    RJUNIAO UMB DOS CULTOS AFRO BRAS    22031915 000020
10231987175000168916200163100    000044807                    000448070000000000000109                     I0244807     22031900000000040003410000017N140319105700000000000102203190000000000000000000000000000000000000000100001582280738NATALICIA LOPES PEREIRA                 ALAMEDA JORGINHON 36, LOTE 11 QUADRA 24 FRAGOSO     29000000MAGE           RJUNIAO UMB DOS CULTOS AFRO BRAS    22031915 000021
10231987175000168916200163100    000044839                    000448390000000000000109                     I0244839     22031900000000300003410000017N180319105700000000000102203190000000000000000000000000000000000000000100008169125723SANDRA PRAXEDES SILVA BRAGA             RUA NEUZA DA CONCEICAO PINTO DA CUNHAN 0CORDEIRINHO 24921464MARICA         RJUNIAO UMB DOS CULTOS AFRO BRAS    22031915 000022
9                                                                                                                                                                                                                                                                                                                                                                                                         000023
