01REMESSA01COBRANCA       916200163100        União Umb dos Cultos Afro Bra341BANCO ITAU SA  280319                                                                                                                                                                                                                                                                                                      000001
10231987175000168916200163100    000044910                    000449100000000000000109                     I0244910     05041900000000040003410000017N280319104700000000000100504190000000000000000000000000000000000000000100051265699704MARIA FATIMA DE SOUSA                   RUA PIRAJURAN 93,                       REALENGO    21750360RIO DE JANEIRO RJUNIAO UMB DOS CULTOS AFRO BRAS    05041910 000002
10231987175000168916200163100    000044909                    000449090000000000000109                     I0144909     05041900000000120003410000017N280319104700000000000100504190000000000000000000000000000000000000000100053411200782ELZA MORAES DA SILVA                    RUA CARLOS PALUTN 592, BLOCO 2 APT 102  TAQUARA     22710310RIO DE JANEIRO RJUNIAO UMB DOS CULTOS AFRO BRAS    05041910 000003
10231987175000168916200163100    000044908                    000449080000000000000109                     I0144908     01041900000000080003410000017N270319104700000000000100104190000000000000000000000000000000000000000100011622292766ROBERT HELENO MACEDO                    TRAVESSA JOSE CARRETEIRON 175, CASA 12  ENGENHOCA   24110444NITEROI        RJUNIAO UMB DOS CULTOS AFRO BRAS    01041910 000004
10231987175000168916200163100    000044907                    000449070000000000000109                     I0144907     10041900000000400003410000017N270319104700000000000101004190000000000000000000000000000000000000000100009959898776ANGELICA MONTEIRO DE OLIVEIRA           RUA CINCO N 313, GLEBA A                CHAPERO     23831190ITAGUAI        RJUNIAO UMB DOS CULTOS AFRO BRAS    10041910 000005
10231987175000168916200163100    000044902                    000449020000000000000109                     I0144902     01041900000000450003410000017N270319104700000000000100104190000000000000000000000000000000000000000100014326136774CAIO CESAR LIMA DA CRUZ                 RUA QUINTINO BOCAIUVAN 349,             NOVA CIDADE 26535130NILOPOLIS      RJUNIAO UMB DOS CULTOS AFRO BRAS    01041910 000006
10231987175000168916200163100    000044210                    000442100000000000000109                     I0244210     30061900000000040003410000017N130319104700000000000103006190000000000000000000000000000000000000000100002725570727JOSE DE RIBAMAR PEREIRA DOS PA          RUA CELESTINON 370,                     PRESIDENTE J26225030NOVA IGUACU    RJUNIAO UMB DOS CULTOS AFRO BRAS    30061910 000007
10231987175000168916200163100    000043909                    000439090000000000000109                     I0243909     30061900000000040003410000017N130319104700000000000103006190000000000000000000000000000000000000000100088364607715ELISABETE DA CONCEICAO LIMA             RUA ABILIO MACHADO N 163,               VILA TIRADEN25525160SAO JOAO DE MERRJUNIAO UMB DOS CULTOS AFRO BRAS    30061910 000008
10231987175000168916200163100    000043731                    000437310000000000000109                     I0243731     30061900000000040003410000017N130319104700000000000103006190000000000000000000000000000000000000000100059555815704PAULO FERNANDES                         RUA MONTE CARMELON 351,                 BENTO RIBEIR21555120RIO DE JANEIRO RJUNIAO UMB DOS CULTOS AFRO BRAS    30061910 000009
10231987175000168916200163100    000043319                    000433190000000000000109                     I0243319     30061900000000040003410000017N130319104700000000000103006190000000000000000000000000000000000000000100003351761783CLAUDIA LUZIA PEREIRA                   RUA HOMERO SOBRINHO N 0, LOTE 12 QUADRA JARDIM NOVA 26187495BELFORD ROXO   RJUNIAO UMB DOS CULTOS AFRO BRAS    30061910 000010
10231987175000168916200163100    000042564                    000425640000000000000109                     I0242564     30051900000000040003410000017N130319104700000000000103005190000000000000000000000000000000000000000100002725570727JOSE DE RIBAMAR PEREIRA DOS PA          RUA CELESTINON 370,                     PRESIDENTE J26225030NOVA IGUACU    RJUNIAO UMB DOS CULTOS AFRO BRAS    30051910 000011
10231987175000168916200163100    000042397                    000423970000000000000109                     I0242397     30051900000000040003410000017N130319104700000000000103005190000000000000000000000000000000000000000100008389266733BEATRIZ DE AZEVEDO NUNES                RUA MARION 78, APT° 101                PRACA SECA  21341450RIO DE JANEIRO RJUNIAO UMB DOS CULTOS AFRO BRAS    30051910 000012
10231987175000168916200163100    000042263                    000422630000000000000109                     I0242263     30051900000000040003410000017N130319104700000000000103005190000000000000000000000000000000000000000100088364607715ELISABETE DA CONCEICAO LIMA             RUA ABILIO MACHADO N 163,               VILA TIRADEN25525160SAO JOAO DE MERRJUNIAO UMB DOS CULTOS AFRO BRAS    30051910 000013
10231987175000168916200163100    000042087                    000420870000000000000109                     I0242087     30051900000000040003410000017N130319104700000000000103005190000000000000000000000000000000000000000100059555815704PAULO FERNANDES                         RUA MONTE CARMELON 351,                 BENTO RIBEIR21555120RIO DE JANEIRO RJUNIAO UMB DOS CULTOS AFRO BRAS    30051910 000014
10231987175000168916200163100    000041679                    000416790000000000000109                     I0241679     30051900000000040003410000017N130319104700000000000103005190000000000000000000000000000000000000000100003351761783CLAUDIA LUZIA PEREIRA                   RUA HOMERO SOBRINHO N 0, LOTE 12 QUADRA JARDIM NOVA 26187495BELFORD ROXO   RJUNIAO UMB DOS CULTOS AFRO BRAS    30051910 000015
10231987175000168916200163100    000040927                    000409270000000000000109                     I0240927     30041900000000040003410000017N120319104700000000000103004190000000000000000000000000000000000000000100002725570727JOSE DE RIBAMAR PEREIRA DOS PA          RUA CELESTINON 370,                     PRESIDENTE J26225030NOVA IGUACU    RJUNIAO UMB DOS CULTOS AFRO BRAS    30041910 000016
10231987175000168916200163100    000040760                    000407600000000000000109                     I0240760     30041900000000040003410000017N120319104700000000000103004190000000000000000000000000000000000000000100008389266733BEATRIZ DE AZEVEDO NUNES                RUA MARION 78, APT° 101                PRACA SECA  21341450RIO DE JANEIRO RJUNIAO UMB DOS CULTOS AFRO BRAS    30041910 000017
10231987175000168916200163100    000040626                    000406260000000000000109                     I0240626     30041900000000040003410000017N120319104700000000000103004190000000000000000000000000000000000000000100088364607715ELISABETE DA CONCEICAO LIMA             RUA ABILIO MACHADO N 163,               VILA TIRADEN25525160SAO JOAO DE MERRJUNIAO UMB DOS CULTOS AFRO BRAS    30041910 000018
10231987175000168916200163100    000040453                    000404530000000000000109                     I0240453     30041900000000040003410000017N120319104700000000000103004190000000000000000000000000000000000000000100059555815704PAULO FERNANDES                         RUA MONTE CARMELON 351,                 BENTO RIBEIR21555120RIO DE JANEIRO RJUNIAO UMB DOS CULTOS AFRO BRAS    30041910 000019
10231987175000168916200163100    000040389                    000403890000000000000109                     I0240389     30041900000000040003410000017N120319104700000000000103004190000000000000000000000000000000000000000100093473095753ALEXANDER NUNES PICANCO                 RUA MATUSALEMN 315,                     SENADOR CAMA21832270RIO DE JANEIRO RJUNIAO UMB DOS CULTOS AFRO BRAS    30041910 000020
10231987175000168916200163100    000040047                    000400470000000000000109                     I0240047     30041900000000040003410000017N120319104700000000000103004190000000000000000000000000000000000000000100003351761783CLAUDIA LUZIA PEREIRA                   RUA HOMERO SOBRINHO N 0, LOTE 12 QUADRA JARDIM NOVA 26187495BELFORD ROXO   RJUNIAO UMB DOS CULTOS AFRO BRAS    30041910 000021
10231987175000168916200163100    000039421                    000394210000000000000109                     I0239421     30031900000000020003410000017N271218104700000000000103003190000000000000000000000000000000000000000100042799023720MARIA DAS DORES SANTOS                  ESTRADA DO AREAL N 4,                   BOA VISTA DA27165000BARRA DO PIRAI RJUNIAO UMB DOS CULTOS AFRO BRAS    30031910 000022
9                                                                                                                                                                                                                                                                                                                                                                                                         000023
