01REMESSA01COBRANCA       817800093673        União Umb dos Cultos Afro Bra341BANCO ITAU SA  190319                                                                                                                                                                                                                                                                                                      000001
10231987175000168817800093673    000044840                    000448400000000000000109                     I0144840     10041900000000350003410000017N190319104700000000000101004190000000000000000000000000000000000000000100055041388768GERALDO JOSE DE OLIVEIRA                RUA CARDEAL DOM SEBASTIAO LEMEN 115, APTSANTA TEREZA22040010RIO DE JANEIRO RJUNIAO UMB DOS CULTOS AFRO BRAS    10041910 000002
10231987175000168817800093673    000039204                    000392040000000000000109                     I0239204     30031900000000040003410000017N261218104700000000000103003190000000000000000000000000000000000000000100060044055749SUELY DE FARIAS EDUARDO                 TRAVESSA JAFIA N 1,                     CIDADE DE DE22772190RIO DE JANEIRO RJUNIAO UMB DOS CULTOS AFRO BRAS    30031910 000003
10231987175000168817800093673    000039071                    000390710000000000000109                     I0239071     30031900000000040003410000017N261218104700000000000103003190000000000000000000000000000000000000000100007545291778ANDRE LUIS DA SILVA                     RUA VASCO DA GAMA N 677,                PARQUE ESTOR26063190NOVA IGUACU    RJUNIAO UMB DOS CULTOS AFRO BRAS    30031910 000004
10231987175000168817800093673    000038557                    000385570000000000000109                     I0238557     30031900000000040003410000017N261218104700000000000103003190000000000000000000000000000000000000000100003317113707WIRANI MARTINS                          RUA ETELVINA DE CASTRON 0,  LOTE 16 QUADPARQUE  ELDO25240390DUQUE DE CAXIASRJUNIAO UMB DOS CULTOS AFRO BRAS    30031910 000005
10231987175000168817800093673    000038488                    000384880000000000000109                     I0238488     30031900000000040003410000017N261218104700000000000103003190000000000000000000000000000000000000000218817360000146ILE D OXALUFAN                          RUA EDUARDO CESAR MACHADON 616,         ANCHIETA    21635140RIO DE JANEIRO RJUNIAO UMB DOS CULTOS AFRO BRAS    30031910 000006
10231987175000168817800093673    000038339                    000383390000000000000109                     I0238339     30031900000000040003410000017N261218104700000000000103003190000000000000000000000000000000000000000100085148610778JACQUELINE MARQUES BARBOSA              RUA: JUSTINA BULHOESN 37, APTº 1104    INGA        24210455RIO DE JANEIRO RJUNIAO UMB DOS CULTOS AFRO BRAS    30031910 000007
10231987175000168817800093673    000038227                    000382270000000000000109                     I0238227     30031900000000040003410000017N261218104700000000000103003190000000000000000000000000000000000000000218318536000115TENDA ESPIRITA SAO COSME E SAO          RUA: SAO MARCOS  N 23, QUADRA 25        KM 32       26298548NOVA IGUACU    RJUNIAO UMB DOS CULTOS AFRO BRAS    30031910 000008
10231987175000168817800093673    000037701                    000377010000000000000109                     I0237701     30031900000000025003410000017N261218104700000000000103003190000000000000000000000000000000000000000100051238489753NANCY DA SILVA APOLINARIO TEIX          RUA: VIDAL DE NEGREIROSN 110,           SANTO CRISTO20220770RIO DE JANEIRO RJUNIAO UMB DOS CULTOS AFRO BRAS    30031910 000009
10231987175000168817800093673    000037285                    000372850000000000000109                     I0237285     28021900000000040003410000017N261218104700000000000102802190000000000000000000000000000000000000000100060044055749SUELY DE FARIAS EDUARDO                 TRAVESSA JAFIA N 1,                     CIDADE DE DE22772190RIO DE JANEIRO RJUNIAO UMB DOS CULTOS AFRO BRAS    28021910 000010
10231987175000168817800093673    000037152                    000371520000000000000109                     I0237152     28021900000000040003410000017N261218104700000000000102802190000000000000000000000000000000000000000100007545291778ANDRE LUIS DA SILVA                     RUA VASCO DA GAMA N 677,                PARQUE ESTOR26063190NOVA IGUACU    RJUNIAO UMB DOS CULTOS AFRO BRAS    28021910 000011
10231987175000168817800093673    000036972                    000369720000000000000109                     I0236972     28021900000000040003410000017N261218104700000000000102802190000000000000000000000000000000000000000100002415896730ROSIELMA SANTOS SOUZA                   RUA MONDEGON 78,                        RICARDO DE A21665130RIO DE JANEIRO RJUNIAO UMB DOS CULTOS AFRO BRAS    28021910 000012
10231987175000168817800093673    000036651                    000366510000000000000109                     I0236651     28021900000000040003410000017N261218104700000000000102802190000000000000000000000000000000000000000100000747523754CLAUDIARA TEIXEIRA DA SILVA             RUA CAMBUCIN 295, CASA 1 PORTAO DE GARAGMUQUECA     27140280BARRA DO PIRAI RJUNIAO UMB DOS CULTOS AFRO BRAS    28021910 000013
10231987175000168817800093673    000036640                    000366400000000000000109                     I0236640     28021900000000040003410000017N261218104700000000000102802190000000000000000000000000000000000000000100003317113707WIRANI MARTINS                          RUA ETELVINA DE CASTRON 0,  LOTE 16 QUADPARQUE  ELDO25240390DUQUE DE CAXIASRJUNIAO UMB DOS CULTOS AFRO BRAS    28021910 000014
10231987175000168817800093673    000036571                    000365710000000000000109                     I0236571     28021900000000040003410000017N261218104700000000000102802190000000000000000000000000000000000000000218817360000146ILE D OXALUFAN                          RUA EDUARDO CESAR MACHADON 616,         ANCHIETA    21635140RIO DE JANEIRO RJUNIAO UMB DOS CULTOS AFRO BRAS    28021910 000015
10231987175000168817800093673    000036422                    000364220000000000000109                     I0236422     28021900000000040003410000017N261218104700000000000102802190000000000000000000000000000000000000000100085148610778JACQUELINE MARQUES BARBOSA              RUA: JUSTINA BULHOESN 37, APTº 1104    INGA        24210455RIO DE JANEIRO RJUNIAO UMB DOS CULTOS AFRO BRAS    28021910 000016
10231987175000168817800093673    000036415                    000364150000000000000109                     I0236415     28021900000000040003410000017N261218104700000000000102802190000000000000000000000000000000000000000100040337065772UILMA VIEIRA TEIXEIRA                   RUA: ITUN 0,  LOTE 3 QUADRA 22          JARDIM GRAMA25060350DUQUE DE CAXIASRJUNIAO UMB DOS CULTOS AFRO BRAS    28021910 000017
10231987175000168817800093673    000036311                    000363110000000000000109                     I0236311     28021900000000040003410000017N261218104700000000000102802190000000000000000000000000000000000000000218318536000115TENDA ESPIRITA SAO COSME E SAO          RUA: SAO MARCOS  N 23, QUADRA 25        KM 32       26298548NOVA IGUACU    RJUNIAO UMB DOS CULTOS AFRO BRAS    28021910 000018
10231987175000168817800093673    000036205                    000362050000000000000109                     I0236205     28021900000000040003410000017N261218104700000000000102802190000000000000000000000000000000000000000100080236499734REGINALDO VIEIRA CAPTIVO                RUA DOUTOR NUNESN 1099, FUNDOS          OLARIA      21021370RIO DE JANEIRO RJUNIAO UMB DOS CULTOS AFRO BRAS    28021910 000019
10231987175000168817800093673    000035788                    000357880000000000000109                     I0235788     28021900000000025003410000017N261218104700000000000102802190000000000000000000000000000000000000000100051238489753NANCY DA SILVA APOLINARIO TEIX          RUA: VIDAL DE NEGREIROSN 110,           SANTO CRISTO20220770RIO DE JANEIRO RJUNIAO UMB DOS CULTOS AFRO BRAS    28021910 000020
10231987175000168817800093673    000035372                    000353720000000000000109                     I0235372     31011900000000040003410000017N261218104700000000000103101190000000000000000000000000000000000000000100060044055749SUELY DE FARIAS EDUARDO                 TRAVESSA JAFIA N 1,                     CIDADE DE DE22772190RIO DE JANEIRO RJUNIAO UMB DOS CULTOS AFRO BRAS    31011910 000021
10231987175000168817800093673    000035241                    000352410000000000000109                     I0235241     31011900000000040003410000017N261218104700000000000103101190000000000000000000000000000000000000000100007545291778ANDRE LUIS DA SILVA                     RUA VASCO DA GAMA N 677,                PARQUE ESTOR26063190NOVA IGUACU    RJUNIAO UMB DOS CULTOS AFRO BRAS    31011910 000022
10231987175000168817800093673    000034730                    000347300000000000000109                     I0234730     31011900000000040003410000017N261218104700000000000103101190000000000000000000000000000000000000000100003317113707WIRANI MARTINS                          RUA ETELVINA DE CASTRON 0,  LOTE 16 QUADPARQUE  ELDO25240390DUQUE DE CAXIASRJUNIAO UMB DOS CULTOS AFRO BRAS    31011910 000023
10231987175000168817800093673    000034662                    000346620000000000000109                     I0234662     31011900000000040003410000017N261218104700000000000103101190000000000000000000000000000000000000000218817360000146ILE D OXALUFAN                          RUA EDUARDO CESAR MACHADON 616,         ANCHIETA    21635140RIO DE JANEIRO RJUNIAO UMB DOS CULTOS AFRO BRAS    31011910 000024
10231987175000168817800093673    000034403                    000344030000000000000109                     I0234403     31011900000000040003410000017N261218104700000000000103101190000000000000000000000000000000000000000218318536000115TENDA ESPIRITA SAO COSME E SAO          RUA: SAO MARCOS  N 23, QUADRA 25        KM 32       26298548NOVA IGUACU    RJUNIAO UMB DOS CULTOS AFRO BRAS    31011910 000025
10231987175000168817800093673    000034297                    000342970000000000000109                     I0234297     31011900000000040003410000017N261218104700000000000103101190000000000000000000000000000000000000000100080236499734REGINALDO VIEIRA CAPTIVO                RUA DOUTOR NUNESN 1099, FUNDOS          OLARIA      21021370RIO DE JANEIRO RJUNIAO UMB DOS CULTOS AFRO BRAS    31011910 000026
10231987175000168817800093673    000033986                    000339860000000000000109                     I0233986     31011900000000040003410000017N261218104700000000000103101190000000000000000000000000000000000000000100000000000000JOSE ANTONIO ZANELLI                    PRAIA DE ICARAIN 267, LOJA 102          ICARAI      24230004NITEROI        RJUNIAO UMB DOS CULTOS AFRO BRAS    31011910 000027
9                                                                                                                                                                                                                                                                                                                                                                                                         000028
