01REMESSA01COBRANCA       817800093673        União Umb dos Cultos Afro Bra341BANCO ITAU SA  030218                                                                                                                                                                                                                                                                                                      000001
10231987175000168817800093673    00009096                     000090960000000000000109                     I019096      20021800000000105003410000017N020218104700000000000102002180000000000000000000000000000000000000000100038232103787SUZANE LEMOS DA SILVA                   RUA ASSIS REPUBLICANO N 310 FUNDOS      FREGUESIA - 22745030RIO DE JANEIRO RJUNIAO UMB DOS CULTOS AFRO BRAS    20021810 000002
10231987175000168817800093673    00009095                     000090950000000000000109                     I019095      28021800000000035003410000017N020218104700000000000102802180000000000000000000000000000000000000000100002926668708ALCIONE CARVALHO DA COSTA               RUA: SAMPAIO CORREA Nº 113 CASA 7      JACAREPAGUA 22713560RIO DE JANEIRO RJUNIAO UMB DOS CULTOS AFRO BRAS    28021810 000003
10231987175000168817800093673    00009094                     000090940000000000000109                     I019094      10021800000000035003410000017N020218104700000000000101002180000000000000000000000000000000000000000100060052830730PAULO CESAR BARRETO ALVES               RUA ANGELO DOS REIS N 207 FUNDOS        USINA - ALTO20531010RIO DE JANEIRO RJUNIAO UMB DOS CULTOS AFRO BRAS    10021810 000004
10231987175000168817800093673    00009093                     000090930000000000000109                     I019093      28021800000000035003410000017N010218104700000000000102802180000000000000000000000000000000000000000100077451953734VANDA NILDA DE ASSIS                    RUA: COELHO LISBOA Nº 168              OSVALDO CRUZ21340260RIO DE JANEIRIORJUNIAO UMB DOS CULTOS AFRO BRAS    28021810 000005
10231987175000168817800093673    00008347                     000083470000000000000109                     I028347      28021800000000035003410000017N291217104700000000000102802180000000000000000000000000000000000000000100002318035750ADILSON LIMA MACIEIRA                   RUA CORONEL FRANCA LEITE, 1139 CASA 3   MANOEL REIS 26515030NILOPOLIS      RJUNIAO UMB DOS CULTOS AFRO BRAS    28021810 000006
10231987175000168817800093673    00007965                     000079650000000000000109                     I027965      28021800000000035003410000017N291217104700000000000102802180000000000000000000000000000000000000000100089245598772ANGELA MARIA CARDOSO NATALUCCI          ESTRADA DA PEDRA, 2748 - VENDAS DE VARANSANTA CRUZ -23520241RIO DE JANEIRO RJUNIAO UMB DOS CULTOS AFRO BRAS    28021810 000007
10231987175000168817800093673    00007894                     000078940000000000000109                     I027894      28021800000000035003410000017N291217104700000000000102802180000000000000000000000000000000000000000100002340783755VERA LUCIA MARQUES DOS SANTOS           RUA MORANGABA  29                       GUADALUPE  R21665140RIO DE JANEIRO RJUNIAO UMB DOS CULTOS AFRO BRAS    28021810 000008
10231987175000168817800093673    00005504                     000055040000000000000109                     I025504      31011800000000035003410000017N261217104700000000000103101180000000000000000000000000000000000000000100044339682772MARIA APARECIDA DE MOURA MORTA          RUA CARLOS COSTA Nº 25 CASA 2          RIACHUELO  -20970090RIO DE JANEIRO RJUNIAO UMB DOS CULTOS AFRO BRAS    31011810 000009
10231987175000168817800093673    00001134                     000011340000000000000109                     I021134      20121700000000340003410000017N241017104700000000000102012170000000000000000000000000000000000000000100089245598772ANGELA MARIA CARDOSO NATALUCCI          ESTRADA DA PEDRA, 2748 - VENDAS DE VARANSANTA CRUZ -23520241RIO DE JANEIRO RJUNIAO UMB DOS CULTOS AFRO BRAS    20121710 000010
10231987175000168817800093673    00001032                     000010320000000000000109                     I341032      20121700000000400003410000017N241017104700000000000102012170000000000000000000000000000000000000000100002340783755VERA LUCIA MARQUES DOS SANTOS           RUA MORANGABA  29                       GUADALUPE  R21665140RIO DE JANEIRO RJUNIAO UMB DOS CULTOS AFRO BRAS    20121710 000011
10231987175000168817800093673    0000572                      000005720000000000000109                     I02572       20121700000000350003410000017N101017104700000000000102012170000000000000000000000000000000000000000100002318035750ADILSON LIMA MACIEIRA                   RUA CORONEL FRANCA LEITE, 1139 CASA 3   MANOEL REIS 26515030NILOPOLIS      RJUNIAO UMB DOS CULTOS AFRO BRAS    20121710 000012
9                                                                                                                                                                                                                                                                                                                                                                                                         000013
