01REMESSA01COBRANCA       916200163100        União Umb dos Cultos Afro Bra341BANCO ITAU SA  170518                                                                                                                                                                                                                                                                                                      000001
10231987175000168916200163100    000020878                    000208780000000000000109                     I0220878     30081800000000035003410000017N100518104700000000000103008180000000000000000000000000000000000000000100050576046787CELINA CANDIDO LOURENCO                 RUA JOSE DOS REIS 811                   ENGENHO DE D20751120RIO DE JANEIRO RJUNIAO UMB DOS CULTOS AFRO BRAS    30081810 000002
10231987175000168916200163100    000020877                    000208770000000000000109                     I0220877     30071800000000035003410000017N100518104700000000000103007180000000000000000000000000000000000000000100050576046787CELINA CANDIDO LOURENCO                 RUA JOSE DOS REIS 811                   ENGENHO DE D20751120RIO DE JANEIRO RJUNIAO UMB DOS CULTOS AFRO BRAS    30071810 000003
10231987175000168916200163100    000020876                    000208760000000000000109                     I0220876     30061800000000035003410000017N100518104700000000000103006180000000000000000000000000000000000000000100050576046787CELINA CANDIDO LOURENCO                 RUA JOSE DOS REIS 811                   ENGENHO DE D20751120RIO DE JANEIRO RJUNIAO UMB DOS CULTOS AFRO BRAS    30061810 000004
10231987175000168916200163100    000020117                    000201170000000000000109                     I0220117     30081800000000035003410000017N070518104700000000000103008180000000000000000000000000000000000000000100007315512730SIDCLAY MEDEIROS DOS SANTOS             TRAVESSA ANES DIAS, 9                   SANTISSIMO -23094010RIO DE JANEIRO RJUNIAO UMB DOS CULTOS AFRO BRAS    30081810 000005
10231987175000168916200163100    000018547                    000185470000000000000109                     I0218547     30071800000000035003410000017N070518104700000000000103007180000000000000000000000000000000000000000100007315512730SIDCLAY MEDEIROS DOS SANTOS             TRAVESSA ANES DIAS, 9                   SANTISSIMO -23094010RIO DE JANEIRO RJUNIAO UMB DOS CULTOS AFRO BRAS    30071810 000006
10231987175000168916200163100    000015897                    000158970000000000000109                     I3415897     30061800000000035003410000017N070518104700000000000103006180000000000000000000000000000000000000000100079882749704IRIS BRASILINO VILELA                   RUA SETE DE SETEMBRO N 183              CAMARI - NOV26022202NOVA IGUACU    RJUNIAO UMB DOS CULTOS AFRO BRAS    30061810 000007
10231987175000168916200163100    000015357                    000153570000000000000109                     I0215357     30061800000000035003410000017N070518104700000000000103006180000000000000000000000000000000000000000100007315512730SIDCLAY MEDEIROS DOS SANTOS             TRAVESSA ANES DIAS, 9                   SANTISSIMO -23094010RIO DE JANEIRO RJUNIAO UMB DOS CULTOS AFRO BRAS    30061810 000008
10231987175000168916200163100    000014084                    000140840000000000000109                     I0214084     30031800000000035003410000017N270218104700000000000103003180000000000000000000000000000000000000000100012781404764RICARDO RIBEIRO DOS SANTOS              RUA MARIA FRANCISCA,16 B                CENTRO - CAM23050030RIO DE JANEIRO RJUNIAO UMB DOS CULTOS AFRO BRAS    30031810 000009
10231987175000168916200163100    00008935                     000089350000000000000109                     I348935      31011800000000035003410000017N020118104700000000000103101180000000000000000000000000000000000000000100069279500791CLAUDIA ALONSO RODRIGUES                ESTRADA DO PAU FERRO N 851              FREGUESIA - 22745055RIO DE JANEIRO RJUNIAO UMB DOS CULTOS AFRO BRAS    31011810 000010
10231987175000168916200163100    00008785                     000087850000000000000109                     I028785      31011800000000035003410000017N020118104700000000000103101180000000000000000000000000000000000000000100007315512730SIDCLAY MEDEIROS DOS SANTOS             TRAVESSA ANES DIAS, 9                   SANTISSIMO -23094010RIO DE JANEIRO RJUNIAO UMB DOS CULTOS AFRO BRAS    31011810 000011
10231987175000168916200163100    00003020                     000030200000000000000109                     I343020      31121700000000035003410000017N131117104700000000000103112170000000000000000000000000000000000000000100058101543791JANETE BARBOSA FERREIRA                 O MESMO                                 O MESMO     26127380BELFORD ROXO   RJUNIAO UMB DOS CULTOS AFRO BRAS    31121710 000012
10231987175000168916200163100    00003010                     000030100000000000000109                     I343010      31121700000000035003410000017N131117104700000000000103112170000000000000000000000000000000000000000100048672068734NOEMIA CONCEICAO DE SOUZA               ESTRADA DO CAMORIM N 926 CASA 7 FUNDOS  JACAREPAGUA 22780070RIO DE JANEIRO RJUNIAO UMB DOS CULTOS AFRO BRAS    31121710 000013
10231987175000168916200163100    00002998                     000029980000000000000109                     I342998      31121700000000035003410000017N131117104700000000000103112170000000000000000000000000000000000000000100053211839704ALCIONE SOUZA DOS SANTOS                RUA: MARINO FELIX Nº 26 - SEPETIBA     RIO DE JANEI23535006RIO DE JANEIRO RJUNIAO UMB DOS CULTOS AFRO BRAS    31121710 000014
10231987175000168916200163100    00002377                     000023770000000000000109                     I022377      31121700000000035003410000017N131117104700000000000103112170000000000000000000000000000000000000000100077417232787MARIA IZABEL CUNHA DA SILVA             RUA 1 DE MAIO, LOTE 4 QUADRA 20         IPIRANGA - N26293480NOVA IGUACU    RJUNIAO UMB DOS CULTOS AFRO BRAS    31121710 000015
10231987175000168916200163100    00002372                     000023720000000000000109                     I022372      31121700000000035003410000017N131117104700000000000103112170000000000000000000000000000000000000000100011694897702RONIVON BASILIO TEXEIRA                 RUA PROJETADA 1, 28                     VILA MARIA H25213335DUQUE DE CAXIASRJUNIAO UMB DOS CULTOS AFRO BRAS    31121710 000016
10231987175000168916200163100    00002370                     000023700000000000000109                     I342370      31121700000000035003410000017N131117104700000000000103112170000000000000000000000000000000000000000100083679472749SILVIA REGINA DE SOUZA BAPTIST          RUA  LAFAIETE JOSE MEDINA, 2            CHAPEU MANGU22010020RIO DE JANEIRO RJUNIAO UMB DOS CULTOS AFRO BRAS    31121710 000017
10231987175000168916200163100    00002364                     000023640000000000000109                     I022364      31121700000000035003410000017N131117104700000000000103112170000000000000000000000000000000000000000100050704281791JOSE CICERO ALVES DOS SANTOS            RUA PRESIDENTE CASTELO BRANCO, LOTE 3   TEIXEIRA - I23840240ITAGUAI        RJUNIAO UMB DOS CULTOS AFRO BRAS    31121710 000018
10231987175000168916200163100    00002354                     000023540000000000000109                     I342354      31121700000000035003410000017N131117104700000000000103112170000000000000000000000000000000000000000100069496161715JANICE DE CARVALHO                      RUA BRISA DO VALE, LOTE 23 QUADRA E     CURICICA - J22710530RIO DE JANEIRO RJUNIAO UMB DOS CULTOS AFRO BRAS    31121710 000019
9                                                                                                                                                                                                                                                                                                                                                                                                         000020
