01REMESSA01COBRANCA       916200163100        União Umb dos Cultos Afro Bra341BANCO ITAU SA  160518                                                                                                                                                                                                                                                                                                      000001
10231987175000168916200163100    000020994                    000209940000000000000109                     I0120994     30051800000000210003410000017N160518104700000000000103005180000000000000000000000000000000000000000100099363704734SUELY FERNANDES LAPAS OLIVEIRA          RUA SARUTAIA SN LOTE 37                 GUARATIBA - 23032620RIO DE JANEIRO RJUNIAO UMB DOS CULTOS AFRO BRAS    30051810 000002
10231987175000168916200163100    000020993                    000209930000000000000109                     I0120993     31081800000000035003410000017N150518104700000000000103108180000000000000000000000000000000000000000100007040620707MONICA BORGES MATTOS                    RUA INHAMUNS                            VILA VALQUEI21321330RIO DE JANEIRO RJUNIAO UMB DOS CULTOS AFRO BRAS    31081810 000003
10231987175000168916200163100    000020992                    000209920000000000000109                     I0120992     30071800000000035003410000017N150518104700000000000103007180000000000000000000000000000000000000000100007040620707MONICA BORGES MATTOS                    RUA INHAMUNS                            VILA VALQUEI21321330RIO DE JANEIRO RJUNIAO UMB DOS CULTOS AFRO BRAS    30071810 000004
10231987175000168916200163100    000020991                    000209910000000000000109                     I0120991     29061800000000035003410000017N150518104700000000000102906180000000000000000000000000000000000000000100007040620707MONICA BORGES MATTOS                    RUA INHAMUNS                            VILA VALQUEI21321330RIO DE JANEIRO RJUNIAO UMB DOS CULTOS AFRO BRAS    29061810 000005
10231987175000168916200163100    000020990                    000209900000000000000109                     I0120990     30081800000000035003410000017N150518104700000000000103008180000000000000000000000000000000000000000100012687881716DAIANA SANTANA DE LIMA                  RUA MANAUS                              CAMPOS ELISE25225000DUQUE DE CAXIASRJUNIAO UMB DOS CULTOS AFRO BRAS    30081810 000006
10231987175000168916200163100    000020989                    000209890000000000000109                     I0120989     30071800000000035003410000017N150518104700000000000103007180000000000000000000000000000000000000000100012687881716DAIANA SANTANA DE LIMA                  RUA MANAUS                              CAMPOS ELISE25225000DUQUE DE CAXIASRJUNIAO UMB DOS CULTOS AFRO BRAS    30071810 000007
10231987175000168916200163100    000020988                    000209880000000000000109                     I0120988     30061800000000035003410000017N150518104700000000000103006180000000000000000000000000000000000000000100012687881716DAIANA SANTANA DE LIMA                  RUA MANAUS                              CAMPOS ELISE25225000DUQUE DE CAXIASRJUNIAO UMB DOS CULTOS AFRO BRAS    30061810 000008
10231987175000168916200163100    000020987                    000209870000000000000109                     I0120987     18051800000000035003410000017N150518104700000000000101805180000000000000000000000000000000000000000100085725730700MARIA LUCIA DA SILVA BORGES             RUA CACIPORE, 1273                      JARDIM OLAVO25036040DUQUE DE CAXIASRJUNIAO UMB DOS CULTOS AFRO BRAS    18051810 000009
10231987175000168916200163100    000020986                    000209860000000000000109                     I0120986     18051800000000070003410000017N140518104700000000000101805180000000000000000000000000000000000000000100099029359749ANDRE LUIZ REIS GRACIO                  RUA PIRAMBOIA N 130                     SENADOR VASC23012300RIO DE JANEIRO RJUNIAO UMB DOS CULTOS AFRO BRAS    18051810 000010
10231987175000168916200163100    000020985                    000209850000000000000109                     I0120985     10061800000000700003410000017N140518104700000000000101006180000000000000000000000000000000000000000100015052633793JULIO CESAR DE ARAUJO SILVA AR          RUA NOVO HORIZONTE N 99                 PARQUE MAYRA27110470BARRA DO PIRAI RJUNIAO UMB DOS CULTOS AFRO BRAS    10061810 000011
10231987175000168916200163100    000020984                    000209840000000000000109                     I0120984     25051800000000070003410000017N140518104700000000000102505180000000000000000000000000000000000000000200000000010205MARILANE BARROSO BERNARDES              RUA ORICA, 89 CASA                      BRAS DE PINA21215260RIO DE JANEIRO RJUNIAO UMB DOS CULTOS AFRO BRAS    25051810 000012
10231987175000168916200163100    000020983                    000209830000000000000109                     I0220983     25051800000000000003410000017N140518104700000000000102505180000000000000000000000000000000000000000200000000010205MARILANE BARROSO BERNARDES              RUA ORICA, 89 CASA                      BRAS DE PINA21215260RIO DE JANEIRO RJUNIAO UMB DOS CULTOS AFRO BRAS    25051810 000013
10231987175000168916200163100    000020982                    000209820000000000000109                     I0120982     21051800000000350003410000017N140518104700000000000102105180000000000000000000000000000000000000000100092989942734WILLIA SUMAR                            RUA PARDAIS  620                        SANTA RITA N26050145RIO DE JANEIRO RJUNIAO UMB DOS CULTOS AFRO BRAS    21051810 000014
10231987175000168916200163100    000020981                    000209810000000000000109                     I0120981     30051800000000070003410000017N140518104700000000000103005180000000000000000000000000000000000000000100007526128751SORAYA ROBERTA PINHEIRO DE ALM          ALAMEDA TENENTE ANTONIO JOAO, CASA 17   URCA - RIO D22291150RIO DE JANEIRO RJUNIAO UMB DOS CULTOS AFRO BRAS    30051810 000015
10231987175000168916200163100    000014804                    000148040000000000000109                     I3414804     30061800000000035003410000017N070518104700000000000103006180000000000000000000000000000000000000000100070891036768EDNA FERREIRA DE MELO                   RUA SARGENTO MARQUETI N 5               MARECHAL HER21611000RIO DE JANEIRO RJUNIAO UMB DOS CULTOS AFRO BRAS    30061810 000016
10231987175000168916200163100    000014784                    000147840000000000000109                     I3414784     30061800000000035003410000017N070518104700000000000103006180000000000000000000000000000000000000000100033745226704LUIZA MARIA DO NASCIMENTO MARQ          CESARIO DE MELO 9756 RUA C 1 LT 10 QD C MONTE SERRA 23028050RIO DE JANEIRO RJUNIAO UMB DOS CULTOS AFRO BRAS    30061810 000017
10231987175000168916200163100    000014137                    000141370000000000000109                     I0214137     15031800000000070003410000017N010318104700000000000101503180000000000000000000000000000000000000000100003019825709BARBARA CRISPINIANO SIMOES CUN          RUA DOUTOR MARIO VALADARES, 568         CENTRO - NIL26535338NILOPOLIS      RJUNIAO UMB DOS CULTOS AFRO BRAS    15031810 000018
10231987175000168916200163100    000014069                    000140690000000000000109                     I3414069     30051800000000035003410000017N260218104700000000000103005180000000000000000000000000000000000000000100003253352730LUCINEA DUTRA MEDEIROS                  RUA EVALDO BRAGA                        INDEPENDENCI25645300PETROPOLIS     RJUNIAO UMB DOS CULTOS AFRO BRAS    30051810 000019
10231987175000168916200163100    000014068                    000140680000000000000109                     I3414068     30041800000000035003410000017N260218104700000000000103004180000000000000000000000000000000000000000100003253352730LUCINEA DUTRA MEDEIROS                  RUA EVALDO BRAGA                        INDEPENDENCI25645300PETROPOLIS     RJUNIAO UMB DOS CULTOS AFRO BRAS    30041810 000020
10231987175000168916200163100    000014067                    000140670000000000000109                     I3414067     30031800000000035003410000017N260218104700000000000103003180000000000000000000000000000000000000000100003253352730LUCINEA DUTRA MEDEIROS                  RUA EVALDO BRAGA                        INDEPENDENCI25645300PETROPOLIS     RJUNIAO UMB DOS CULTOS AFRO BRAS    30031810 000021
10231987175000168916200163100    000013977                    000139770000000000000109                     I0213977     30031800000000035003410000017N220218104700000000000103003180000000000000000000000000000000000000000100059480904772EDSON CORREIA                           RUA NOVA ATLANTIDA, 543                 ROSA DOS VEN26278757NOVA IGUACU    RJUNIAO UMB DOS CULTOS AFRO BRAS    30031810 000022
10231987175000168916200163100    00008684                     000086840000000000000109                     I348684      31011800000000035003410000017N020118104700000000000103101180000000000000000000000000000000000000000100085258610730CRISTINA ROSA DE JESUS BASILIO          RUA DOIS DE JULHO, LOTE 18 QUADRA 21    CABUCU - NOV26580310MESQUITA       RJUNIAO UMB DOS CULTOS AFRO BRAS    31011810 000023
10231987175000168916200163100    00004829                     000048290000000000000109                     I024829      31011800000000700003410000017N261217104700000000000103101180000000000000000000000000000000000000000100090535715749CELSO LUIZ JARDIM DE OLIVEIRA           RUA: GEORGE ALAN                        LARGO DO BAR24110125NITEROI        RJUNIAO UMB DOS CULTOS AFRO BRAS    31011810 000024
10231987175000168916200163100    00003092                     000030920000000000000109                     I343092      31121700000000035003410000017N131117104700000000000103112170000000000000000000000000000000000000000100030894840720LIGIA REGINA ZACHARIAS DE MELO          RUA MANAPA N 280                        VALVERDE - N21051360RIO DE JANEIRO RJUNIAO UMB DOS CULTOS AFRO BRAS    31121710 000025
10231987175000168916200163100    00003062                     000030620000000000000109                     I343062      31121700000000035003410000017N131117104700000000000103112170000000000000000000000000000000000000000100005633721735MARCOS AURELIO PAULINO FLORIAN          RUA LEONEL ROCHA N 195 CASA LOTE H      GUARATIBA - 23032460RIO DE JANEIRO RJUNIAO UMB DOS CULTOS AFRO BRAS    31121710 000026
10231987175000168916200163100    00002550                     000025500000000000000109                     I022550      31121700000000035003410000017N131117104700000000000103112170000000000000000000000000000000000000000100002499344776EUNIRA DA SALINA DE PAULA               ESTRADA: SAPUCAIA Nª 12 - ITAUNA       SAO GONCALO 24473330SAO GONCALO    RJUNIAO UMB DOS CULTOS AFRO BRAS    31121710 000027
10231987175000168916200163100    00002030                     000020300000000000000109                     I342030      31121700000000035003410000017N131117104700000000000103112170000000000000000000000000000000000000000100033745226704LUIZA MARIA DO NASCIMENTO MARQ          CESARIO DE MELO 9756 RUA C 1 LT 10 QD C MONTE SERRA 23028050RIO DE JANEIRO RJUNIAO UMB DOS CULTOS AFRO BRAS    31121710 000028
10231987175000168916200163100    00001789                     000017890000000000000109                     I341789      31121700000000035003410000017N131117104700000000000103112170000000000000000000000000000000000000000200000000001134JOSE CALASANS SILVA FILHO               RUA DAS AMETISTAS, 60                   ROCHA MIRAND21510020RIO DE JANEIRO RJUNIAO UMB DOS CULTOS AFRO BRAS    31121710 000029
9                                                                                                                                                                                                                                                                                                                                                                                                         000030
