01REMESSA01COBRANCA       817800093673        União Umb dos Cultos Afro Bra341BANCO ITAU SA  190118                                                                                                                                                                                                                                                                                                      000001
10231987175000168817800093673    00006560                     000065600000000000000109                     I016560      28021800000000035003410000017N271217104700000000000102802180000000000000000000000000000000000000000100060856467715JANAINA COELHO MELO                     O MESMO                                 O MESMO     21361420RIO DE JANEIRO RJUNIAO UMB DOS CULTOS AFRO BRAS    28021810 000002
10231987175000168817800093673    00006558                     000065580000000000000109                     I016558      28021800000000035003410000017N271217104700000000000102802180000000000000000000000000000000000000000100085485527787CHEILA CRISTINA DA ROCHA SANTO          RUA MARIA SANTANA FERNANDES QUADRA 4 LOTJARDIM ACACI23845250SEROPEDICA     RJUNIAO UMB DOS CULTOS AFRO BRAS    28021810 000003
10231987175000168817800093673    00006557                     000065570000000000000109                     I016557      28021800000000035003410000017N271217104700000000000102802180000000000000000000000000000000000000000100000255430752JUACIRA ALVES TOTTA                     RUA DOS RUBIS N 519                     ROCHA MIRAND21510011RIO DE JANEIRO RJUNIAO UMB DOS CULTOS AFRO BRAS    28021810 000004
10231987175000168817800093673    00006556                     000065560000000000000109                     I016556      28021800000000035003410000017N271217104700000000000102802180000000000000000000000000000000000000000100008067836728BRUNO HENRIQUE DA COSTA SILVA           O MESMO                                 O MESMO     21361360RIO DE JANEIRO RJUNIAO UMB DOS CULTOS AFRO BRAS    28021810 000005
10231987175000168817800093673    00006555                     000065550000000000000109                     I016555      28021800000000035003410000017N271217104700000000000102802180000000000000000000000000000000000000000100008774131770CLEYSON MANHAES NERY                    RUA CORONEL BARROS N 288                PARQUE SARAI28110000CAMPO DOS GOYTARJUNIAO UMB DOS CULTOS AFRO BRAS    28021810 000006
10231987175000168817800093673    00006554                     000065540000000000000109                     I016554      28021800000000035003410000017N271217104700000000000102802180000000000000000000000000000000000000000100002911521714JUPIRA COSTA SOARES                     RUA TRINTA E DOIS LOTE 14 QUADRA 214    CAMPO LINDO 23890000SEROPEDICA     RJUNIAO UMB DOS CULTOS AFRO BRAS    28021810 000007
10231987175000168817800093673    00006553                     000065530000000000000109                     I016553      28021800000000035003410000017N271217104700000000000102802180000000000000000000000000000000000000000100041247078787ANTONIO NARCISO RUSSI DA SILVA          RUA DEOLINDA MARTINS N 359 KM 42        JARDIM CENTR23845110SEROPEDICA     RJUNIAO UMB DOS CULTOS AFRO BRAS    28021810 000008
10231987175000168817800093673    00006552                     000065520000000000000109                     I016552      28021800000000035003410000017N271217104700000000000102802180000000000000000000000000000000000000000100045935530759SUELI MONTANHA GOMES                    RUA PAULINO DE OLIVEIRA N 345 - CENTRAL CENTRAL - CA23080670CAMPO GRANDE   RJUNIAO UMB DOS CULTOS AFRO BRAS    28021810 000009
10231987175000168817800093673    00006551                     000065510000000000000109                     I016551      28021800000000035003410000017N271217104700000000000102802180000000000000000000000000000000000000000100088046060704NATALINA DE JESUS PEREIRA DE O          RUA SAPOPEMBA N 524                     BENTO RIBEIR21331240RIO DE JANEIRO RJUNIAO UMB DOS CULTOS AFRO BRAS    28021810 000010
10231987175000168817800093673    00006550                     000065500000000000000109                     I016550      28021800000000035003410000017N271217104700000000000102802180000000000000000000000000000000000000000100050825860768YEDA PEREIRA DA SILVA                   RUA TRINTA E QUATRO LOTE 22 QUADRA 180  CAMPO LINDO 23890000SEROPEDICA     RJUNIAO UMB DOS CULTOS AFRO BRAS    28021810 000011
10231987175000168817800093673    00006549                     000065490000000000000109                     I016549      28021800000000035003410000017N271217104700000000000102802180000000000000000000000000000000000000000100072148675753ROGERIO TEIXEIRA TEOFILO                RUA BOM JARDIM N 40 - CABUCU            CABUCU - NOV26347225NOVA IGUACU    RJUNIAO UMB DOS CULTOS AFRO BRAS    28021810 000012
10231987175000168817800093673    00006548                     000065480000000000000109                     I016548      28021800000000035003410000017N271217104700000000000102802180000000000000000000000000000000000000000100087868172720ADHEMAR ACHILLES AVILLA JUNIOR          RUA: PADRE GIL Nº 20                   PARQUE BONEV25907096RIO DE JANEIRO RJUNIAO UMB DOS CULTOS AFRO BRAS    28021810 000013
10231987175000168817800093673    00006547                     000065470000000000000109                     I016547      28021800000000035003410000017N271217104700000000000102802180000000000000000000000000000000000000000100083762507791LOURIZETE SANTOS DA SILVA LEIT          RUA MARIA RITA                          PORTO NOVO -24431740SAO GONCALO    RJUNIAO UMB DOS CULTOS AFRO BRAS    28021810 000014
10231987175000168817800093673    00006546                     000065460000000000000109                     I016546      28021800000000035003410000017N271217104700000000000102802180000000000000000000000000000000000000000100000672393743RAFAEL CASAMASSO DA COSTA               RUA JOAO CAETANO N 198 A                CENTRO - PET25610010PETROPOLIS     RJUNIAO UMB DOS CULTOS AFRO BRAS    28021810 000015
10231987175000168817800093673    00006545                     000065450000000000000109                     I016545      28021800000000035003410000017N271217104700000000000102802180000000000000000000000000000000000000000100049214276749MARIA CELESTE HORACIO REIS              RUA QUARENTA E CINCO LOTE 20 QUADRA 230 CAMPO LINDO 23890000NOVA IGUACU    RJUNIAO UMB DOS CULTOS AFRO BRAS    28021810 000016
10231987175000168817800093673    00006544                     000065440000000000000109                     I016544      28021800000000035003410000017N271217104700000000000102802180000000000000000000000000000000000000000100095949925734RITA DE CASSIA COCCARO                  RUA JUCARI N 563                        IRAJA - RIO 21371320RIO DE JANEIRO RJUNIAO UMB DOS CULTOS AFRO BRAS    28021810 000017
10231987175000168817800093673    00006543                     000065430000000000000109                     I016543      28021800000000035003410000017N271217104700000000000102802180000000000000000000000000000000000000000100071757724753MIGUEL ABRAHAO FILHO                    RUA FRANCISCO ANTONIO NASCIMENTO QUADRA MIGUEL COUTO26070467NOVA IGUACU    RJUNIAO UMB DOS CULTOS AFRO BRAS    28021810 000018
10231987175000168817800093673    00006541                     000065410000000000000109                     I016541      28021800000000035003410000017N271217104700000000000102802180000000000000000000000000000000000000000100033205094700IRACEMA PAZ DA MOTTA                    RUA PADRE ILDEFONSO PENALBA N 90 BLOCO 1MEIER - RIO 20775020RIO DE JANEIRO RJUNIAO UMB DOS CULTOS AFRO BRAS    28021810 000019
10231987175000168817800093673    00006539                     000065390000000000000109                     I016539      28021800000000035003410000017N271217104700000000000102802180000000000000000000000000000000000000000100092080570706EUZAMAR FONSECA SANTOS                  RUA DONA EMILIA N 195 CASA 4            INHAUMA - RI20765110RIO DE JANEIRO RJUNIAO UMB DOS CULTOS AFRO BRAS    28021810 000020
10231987175000168817800093673    00006538                     000065380000000000000109                     I016538      28021800000000035003410000017N271217104700000000000102802180000000000000000000000000000000000000000100043641717787YWONE AMELIA VAZ COSTA                  RUA CASTRO MENEZES N 284 CASA 1         BRAZ DE PINA21215250RIO DE JANEIRO RJUNIAO UMB DOS CULTOS AFRO BRAS    28021810 000021
10231987175000168817800093673    00006537                     000065370000000000000109                     I016537      28021800000000035003410000017N271217104700000000000102802180000000000000000000000000000000000000000100000633999709KATIA REGINA LEITE RAMOS                RUA GUIRATIM N 260                      IRAJA - RIO 21371410RIO DE JANEIRO RJUNIAO UMB DOS CULTOS AFRO BRAS    28021810 000022
10231987175000168817800093673    00006534                     000065340000000000000109                     I016534      28021800000000035003410000017N271217104700000000000102802180000000000000000000000000000000000000000100064304345753MARIA ELISABETH DE OLIVEIRA CA          O MESMO                                 O MESMO     25670010PETROPOLIS     RJUNIAO UMB DOS CULTOS AFRO BRAS    28021810 000023
10231987175000168817800093673    00006528                     000065280000000000000109                     I016528      28021800000000035003410000017N271217104700000000000102802180000000000000000000000000000000000000000100037356178753TEREZA BRAGA DE AZEVEDO                 RUA ANDRE ROCHA N 224                   TAQUARA - RI22730522RIO DE JANEIRO RJUNIAO UMB DOS CULTOS AFRO BRAS    28021810 000024
10231987175000168817800093673    00006527                     000065270000000000000109                     I016527      28021800000000035003410000017N271217104700000000000102802180000000000000000000000000000000000000000100005199150707RITA LUSIE DE MELLO CASTRO              RUA IARA N 118 CASA A                   SAO MATEUS -25525410SAO JOAO DE MERRJUNIAO UMB DOS CULTOS AFRO BRAS    28021810 000025
10231987175000168817800093673    00006526                     000065260000000000000109                     I016526      28021800000000035003410000017N271217104700000000000102802180000000000000000000000000000000000000000100047515090715JOSE CARLOS DA SILVA GENUNCIO           RUA VEREADOR MAURICIO SOUZA N 97        ENGENHOCA - 24110539NITEROI        RJUNIAO UMB DOS CULTOS AFRO BRAS    28021810 000026
10231987175000168817800093673    00006525                     000065250000000000000109                     I016525      28021800000000035003410000017N271217104700000000000102802180000000000000000000000000000000000000000100085127183749CLAUDIA JORGE DA SILVA GAMA             RUA DAS MANGUEIRAS N 249                PIEDADE - RI20751080RIO DE JANEIRO RJUNIAO UMB DOS CULTOS AFRO BRAS    28021810 000027
10231987175000168817800093673    00006524                     000065240000000000000109                     I016524      28021800000000035003410000017N271217104700000000000102802180000000000000000000000000000000000000000100038232103787SUZANE LEMOS DA SILVA                   RUA ASSIS REPUBLICANO N 310 FUNDOS      FREGUESIA - 22745030RIO DE JANEIRO RJUNIAO UMB DOS CULTOS AFRO BRAS    28021810 000028
10231987175000168817800093673    00006523                     000065230000000000000109                     I016523      28021800000000035003410000017N271217104700000000000102802180000000000000000000000000000000000000000100006935690773ELAINE DA COSTA MARTINS                 O MESMO                                 O MESMO     25220407DUQUE DE CAXIASRJUNIAO UMB DOS CULTOS AFRO BRAS    28021810 000029
10231987175000168817800093673    00006522                     000065220000000000000109                     I026522      28021800000000035003410000017N271217104700000000000102802180000000000000000000000000000000000000000100013540201756RUTE MEDEIROS VIEIRA                    RUA DESSESEIS N 527                     CONJUNTO NOV23565450SANTA CRUZ     RJUNIAO UMB DOS CULTOS AFRO BRAS    28021810 000030
10231987175000168817800093673    00006521                     000065210000000000000109                     I016521      28021800000000035003410000017N271217104700000000000102802180000000000000000000000000000000000000000100090876857772MARCO AURELIO PEREIRA VASCONCE          RUA VISCONDE DE OURO PRETO N 5          TAUA - ILHA 21910520ILHA DO GOVERNARJUNIAO UMB DOS CULTOS AFRO BRAS    28021810 000031
10231987175000168817800093673    00006520                     000065200000000000000109                     I016520      28021800000000035003410000017N271217104700000000000102802180000000000000000000000000000000000000000100037125893791ELIANA DOS SANTOS VITAL                 RUA CAPITAO VIEIRA Nº 96               TURIACU - RI21540330RIO DE JANEIRO RJUNIAO UMB DOS CULTOS AFRO BRAS    28021810 000032
10231987175000168817800093673    00006519                     000065190000000000000109                     I016519      28021800000000035003410000017N271217104700000000000102802180000000000000000000000000000000000000000100005426043701CLARA DANIELE BROWN FLAUZINO            RUA ZAMBIA N 29                         BANGU - RIO 21850510RIO DE JANEIRO RJUNIAO UMB DOS CULTOS AFRO BRAS    28021810 000033
10231987175000168817800093673    00006496                     000064960000000000000109                     I016496      28021800000000035003410000017N271217104700000000000102802180000000000000000000000000000000000000000100089080475734MARCIA MARIA CORREIA DA SILVA           RUA ALVARES CABRAL, 520                 CACHAMBI - R20780320RIO DE JANEIRO RJUNIAO UMB DOS CULTOS AFRO BRAS    28021810 000034
10231987175000168817800093673    00006494                     000064940000000000000109                     I016494      28021800000000035003410000017N271217104700000000000102802180000000000000000000000000000000000000000100058098445704ARLETE DA SILVA BARBOSA FRANCO          RUA DOUTOR MUNIZ, 71                    ROCHA SOBRIN26130020BELFORD ROXO   RJUNIAO UMB DOS CULTOS AFRO BRAS    28021810 000035
10231987175000168817800093673    00006493                     000064930000000000000109                     I016493      28021800000000035003410000017N271217104700000000000102802180000000000000000000000000000000000000000100057316600772ESTELA FERREIRA                         AVENIDA BORIS, 321                      MUTONDO  - S24422730SAO GONCALO    RJUNIAO UMB DOS CULTOS AFRO BRAS    28021810 000036
10231987175000168817800093673    00006492                     000064920000000000000109                     I016492      28021800000000035003410000017N271217104700000000000102802180000000000000000000000000000000000000000100007346014766LUCIANO FREIRE DE FRANCA                AV. AMARO CAVALCANTE, 2283 CASA 5       ENGENHO DE D20735042RIO DE JANEIRO RJUNIAO UMB DOS CULTOS AFRO BRAS    28021810 000037
10231987175000168817800093673    00006491                     000064910000000000000109                     I016491      28021800000000035003410000017N271217104700000000000102802180000000000000000000000000000000000000000100044631154772LINDOMAR SOARES BERNARDO                RUA FEIRA DE SANTANA, LOTE 8 QUADRA 17  PARQUE NOVO 25585100SAO JOAO DE MERRJUNIAO UMB DOS CULTOS AFRO BRAS    28021810 000038
10231987175000168817800093673    00006490                     000064900000000000000109                     I016490      28021800000000035003410000017N271217104700000000000102802180000000000000000000000000000000000000000100050942490763ANTONIO PAULO TRABACHINI                RUA DO CATETE, 347 LOJA 8               CATETE      22271100RIO DE JANEIRO RJUNIAO UMB DOS CULTOS AFRO BRAS    28021810 000039
10231987175000168817800093673    00006489                     000064890000000000000109                     I016489      28021800000000035003410000017N271217104700000000000102802180000000000000000000000000000000000000000100001145934773ELENICE DE SOUZA SILVA ARRUDA           RUA SEVERIANO MONTEIRO, 271 CASA 3      VISTA ALEGRE21235620RIO DE JANEIRO RJUNIAO UMB DOS CULTOS AFRO BRAS    28021810 000040
10231987175000168817800093673    00006488                     000064880000000000000109                     I016488      28021800000000035003410000017N271217104700000000000102802180000000000000000000000000000000000000000100031410715787LUZIA ELISIARIA DE FREITAS              RUA EXPEDICIONARIO JOSE AMARO, 84       VILA SAO LUI25065090DUQUE DE CAXIASRJUNIAO UMB DOS CULTOS AFRO BRAS    28021810 000041
10231987175000168817800093673    00006487                     000064870000000000000109                     I016487      28021800000000035003410000017N271217104700000000000102802180000000000000000000000000000000000000000100001256782742VANDA BARBOSA BASTOS                    RUA CERES, 1058                         BANGU - RIO 21862070RIO DE JANEIRO RJUNIAO UMB DOS CULTOS AFRO BRAS    28021810 000042
10231987175000168817800093673    00006486                     000064860000000000000109                     I016486      28021800000000035003410000017N271217104700000000000102802180000000000000000000000000000000000000000100011105998703FABRICIO SILVEIRA DE SOUZA              RUA: JOAO EVANGELISTA DE CARVALHO Nº 21CENTRO - NIL26520500NILOPOLIS      RJUNIAO UMB DOS CULTOS AFRO BRAS    28021810 000043
10231987175000168817800093673    00006485                     000064850000000000000109                     I016485      28021800000000035003410000017N271217104700000000000102802180000000000000000000000000000000000000000100051796546704VAGNER ERNESTO MACHADO                  RUA ARI RODRIGUES, 30 (ANTIGA ESTRADA DORIO DO OURO 24753580SAO GONCALO    RJUNIAO UMB DOS CULTOS AFRO BRAS    28021810 000044
10231987175000168817800093673    00006484                     000064840000000000000109                     I016484      28021800000000035003410000017N271217104700000000000102802180000000000000000000000000000000000000000100035838493704CELMO JOSE DE SOUZA                     RUA DA CONCEICAO, 188 SALA 1204 A B     CENTRO - NIT24020087NITEROI        RJUNIAO UMB DOS CULTOS AFRO BRAS    28021810 000045
10231987175000168817800093673    00006483                     000064830000000000000109                     I016483      28021800000000035003410000017N271217104700000000000102802180000000000000000000000000000000000000000100067267258753RITA DE CASSIA DIACOVO PELLITO          RUA ANDRE AZEVEDO, 87 CASA 101 BLOCO 25 OLARIA  - RI21021480RIO DE JANEIRO RJUNIAO UMB DOS CULTOS AFRO BRAS    28021810 000046
10231987175000168817800093673    00006482                     000064820000000000000109                     I026482      28021800000000035003410000017N271217104700000000000102802180000000000000000000000000000000000000000100093635540749REGINALDO ALVES DA SILVA                RUA FLAVIO CAVALCANTE, 268              CACHAMBU - P25615060PETROPOLIS     RJUNIAO UMB DOS CULTOS AFRO BRAS    28021810 000047
10231987175000168817800093673    00006481                     000064810000000000000109                     I016481      28021800000000035003410000017N271217104700000000000102802180000000000000000000000000000000000000000100088341534720RAIMUNDA BERNADINA DE OLIVEIRA          ESTRADA DA GAVEA - TRAVESSA UNIAO, 29 RUGAVEA - RIO 22451530RIO DE JANEIRO RJUNIAO UMB DOS CULTOS AFRO BRAS    28021810 000048
10231987175000168817800093673    00006480                     000064800000000000000109                     I016480      28021800000000035003410000017N271217104700000000000102802180000000000000000000000000000000000000000100085725730700MARIA LUCIA DA SILVA BORGES             RUA CACIPORE, 1273                      JARDIM OLAVO25036040DUQUE DE CAXIASRJUNIAO UMB DOS CULTOS AFRO BRAS    28021810 000049
10231987175000168817800093673    00006479                     000064790000000000000109                     I016479      28021800000000035003410000017N271217104700000000000102802180000000000000000000000000000000000000000100011778537790MARIVONE ANTONIA DOS SANTOS             O MESMO                                 O MESMO     26031512NOVA IGUACU    RJUNIAO UMB DOS CULTOS AFRO BRAS    28021810 000050
10231987175000168817800093673    00006478                     000064780000000000000109                     I016478      28021800000000035003410000017N271217104700000000000102802180000000000000000000000000000000000000000100045910303787PAULO ROBERTO DE OLIVEIRA DRUB          RUA ARGEMIRO DE HUNGRIA MACHADO, 195    GUADALUPE - 21670290RIO DE JANEIRO RJUNIAO UMB DOS CULTOS AFRO BRAS    28021810 000051
10231987175000168817800093673    00006477                     000064770000000000000109                     I016477      28021800000000035003410000017N271217104700000000000102802180000000000000000000000000000000000000000100085901512715ZENILDA MACHADO VICENTE LEITE           RUA VILLAGE IMPERIAL, 194               PARQUE MAMBU23954270ANGRA DOS REIS RJUNIAO UMB DOS CULTOS AFRO BRAS    28021810 000052
10231987175000168817800093673    00006476                     000064760000000000000109                     I016476      28021800000000035003410000017N271217104700000000000102802180000000000000000000000000000000000000000100003617355706INAIA DE MACEDO SANTOS                  TRAVESSA PARAIBA DO SUL, 35             NILOPOLIS - 26525470RIO DE JANEIRO RJUNIAO UMB DOS CULTOS AFRO BRAS    28021810 000053
10231987175000168817800093673    00006475                     000064750000000000000109                     I016475      28021800000000035003410000017N271217104700000000000102802180000000000000000000000000000000000000000100063607379734FATIMA CONCEICAO GONCALVES DA           RUA: AMANDIU Nº 63                     IRAJA - RIO 21371440RIO DE JANEIRO RJUNIAO UMB DOS CULTOS AFRO BRAS    28021810 000054
10231987175000168817800093673    00006474                     000064740000000000000109                     I016474      28021800000000035003410000017N271217104700000000000102802180000000000000000000000000000000000000000100085194557787CELIA MARIA FERNANDES DE CASTR          RUA IRAPIRANGA, 98                      ROCHA MIRAND21540710RIO DE JANEIRO RJUNIAO UMB DOS CULTOS AFRO BRAS    28021810 000055
10231987175000168817800093673    00006470                     000064700000000000000109                     I016470      28021800000000035003410000017N271217104700000000000102802180000000000000000000000000000000000000000100047707569768BENEDITA LEOMIDIA DA COSTA              RUA NOSSA SENHORA DA GLORIA, 100        VILA MARIA H25251530DUQUE DE CAXIASRJUNIAO UMB DOS CULTOS AFRO BRAS    28021810 000056
10231987175000168817800093673    00006469                     000064690000000000000109                     I016469      28021800000000035003410000017N271217104700000000000102802180000000000000000000000000000000000000000100079583490768ZILDA VICENTE DA SILVA                  RUA MARIA COSTA CORREA, 129 QUADRA E    APOLO 2 - IT24800000ITABORAI       RJUNIAO UMB DOS CULTOS AFRO BRAS    28021810 000057
10231987175000168817800093673    00006468                     000064680000000000000109                     I016468      28021800000000035003410000017N271217104700000000000102802180000000000000000000000000000000000000000100005383774700VILMA MACEDO COIMBRA DOS SANTO          RUA TOQUIO, 571                         AGOSTINHO PO25545211SAO JOAO DE MERRJUNIAO UMB DOS CULTOS AFRO BRAS    28021810 000058
10231987175000168817800093673    00006467                     000064670000000000000109                     I016467      28021800000000035003410000017N271217104700000000000102802180000000000000000000000000000000000000000100007967809785FERNANDA PAULA SANTA ANNA HERN          TRAVESSA CHAFI CHAIA, 95                CAMPO GRANDE23052200RIO DE JANEIRO RJUNIAO UMB DOS CULTOS AFRO BRAS    28021810 000059
10231987175000168817800093673    00006466                     000064660000000000000109                     I016466      28021800000000035003410000017N271217104700000000000102802180000000000000000000000000000000000000000100009431078732LUCIA OLIVEIRA BONIFACIO                RUA NINA RIBEIRO, 67 FUNDOS             PAVUNA - RJ 21520290RIO DE JANEIRO RJUNIAO UMB DOS CULTOS AFRO BRAS    28021810 000060
10231987175000168817800093673    00006465                     000064650000000000000109                     I016465      28021800000000035003410000017N271217104700000000000102802180000000000000000000000000000000000000000100093473095753ALEXANDER NUNES PICANCO                 RUA REGISTRO, 315                       SENADOR CAMA21832270RIO DE JANEIRO RJUNIAO UMB DOS CULTOS AFRO BRAS    28021810 000061
10231987175000168817800093673    00006464                     000064640000000000000109                     I016464      28021800000000035003410000017N271217104700000000000102802180000000000000000000000000000000000000000100001942477759VILMA MARIA FARIA                       RUA CINQUENTA E SEIS, 473 QUADRA 50     SEPETIBA - R23520660RIO DE JANEIRO RJUNIAO UMB DOS CULTOS AFRO BRAS    28021810 000062
9                                                                                                                                                                                                                                                                                                                                                                                                         000063
