01REMESSA01COBRANCA       916200163100        União Umb dos Cultos Afro Bra341BANCO ITAU SA  220218                                                                                                                                                                                                                                                                                                      000001
10231987175000168916200163100    000013995                    000139950000000000000109                     I0113995     05031800000000210003410000017N220218104700000000000100503180000000000000000000000000000000000000000100014806247723JEFFERSON DA CUNHA AREAS                RUA DOZE, 196                           NOVA MARILIA25900000MAGE           RJUNIAO UMB DOS CULTOS AFRO BRAS    05031810 000002
10231987175000168916200163100    000013994                    000139940000000000000109                     I0113994     30051800000000035003410000017N220218104700000000000103005180000000000000000000000000000000000000000100063705630725JOSE ANTONIO SOARES PENEDO              RUA SAMIM, 892                          IRAJA - RJ  21235210RIO DE JANEIRO RJUNIAO UMB DOS CULTOS AFRO BRAS    30051810 000003
10231987175000168916200163100    000013993                    000139930000000000000109                     I0113993     30041800000000035003410000017N220218104700000000000103004180000000000000000000000000000000000000000100063705630725JOSE ANTONIO SOARES PENEDO              RUA SAMIM, 892                          IRAJA - RJ  21235210RIO DE JANEIRO RJUNIAO UMB DOS CULTOS AFRO BRAS    30041810 000004
10231987175000168916200163100    000013992                    000139920000000000000109                     I0113992     30031800000000035003410000017N220218104700000000000103003180000000000000000000000000000000000000000100063705630725JOSE ANTONIO SOARES PENEDO              RUA SAMIM, 892                          IRAJA - RJ  21235210RIO DE JANEIRO RJUNIAO UMB DOS CULTOS AFRO BRAS    30031810 000005
10231987175000168916200163100    000013991                    000139910000000000000109                     I0113991     30051800000000035003410000017N220218104700000000000103005180000000000000000000000000000000000000000100003537257732MARIA APARECIDA RISTICH MACHAD          RUA DIAS DA CRUZ N 923                  MEIER - RIO 20720011RIO DE JANEIRO RJUNIAO UMB DOS CULTOS AFRO BRAS    30051810 000006
10231987175000168916200163100    000013990                    000139900000000000000109                     I0113990     30041800000000035003410000017N220218104700000000000103004180000000000000000000000000000000000000000100003537257732MARIA APARECIDA RISTICH MACHAD          RUA DIAS DA CRUZ N 923                  MEIER - RIO 20720011RIO DE JANEIRO RJUNIAO UMB DOS CULTOS AFRO BRAS    30041810 000007
10231987175000168916200163100    000013989                    000139890000000000000109                     I0113989     30031800000000035003410000017N220218104700000000000103003180000000000000000000000000000000000000000100003537257732MARIA APARECIDA RISTICH MACHAD          RUA DIAS DA CRUZ N 923                  MEIER - RIO 20720011RIO DE JANEIRO RJUNIAO UMB DOS CULTOS AFRO BRAS    30031810 000008
10231987175000168916200163100    000013988                    000139880000000000000109                     I0113988     28021800000000210003410000017N220218104700000000000102802180000000000000000000000000000000000000000100009507261761RODRIGO FELIX DA SILVA                  RUA GENERAL PINTO AMANDO, 231 APTO 302  HONORIO GURG21511330RIO DE JANEIRO RJUNIAO UMB DOS CULTOS AFRO BRAS    28021810 000009
10231987175000168916200163100    000013987                    000139870000000000000109                     I0113987     15031800000000150003410000017N220218104700000000000101503180000000000000000000000000000000000000000100085181390749ALMIR DE MACEDO MATTOSO                 RUA DOMINGOS DE MAGALHAES 1374 CASA 1   MARIA DA GRA20785351RIO DE JANEIRO RJUNIAO UMB DOS CULTOS AFRO BRAS    15031810 000010
10231987175000168916200163100    000013985                    000139850000000000000109                     I0113985     30051800000000035003410000017N220218104700000000000103005180000000000000000000000000000000000000000100055199801791NAIR JACINTO DE SOUZA                   ESTRADA DOS BANDEIRANTES, 7276 LOTE 3 BLCURICICA - R22780085RIO DE JANEIRO RJUNIAO UMB DOS CULTOS AFRO BRAS    30051810 000011
10231987175000168916200163100    000013984                    000139840000000000000109                     I0113984     30041800000000035003410000017N220218104700000000000103004180000000000000000000000000000000000000000100055199801791NAIR JACINTO DE SOUZA                   ESTRADA DOS BANDEIRANTES, 7276 LOTE 3 BLCURICICA - R22780085RIO DE JANEIRO RJUNIAO UMB DOS CULTOS AFRO BRAS    30041810 000012
10231987175000168916200163100    000013983                    000139830000000000000109                     I0113983     30031800000000035003410000017N220218104700000000000103003180000000000000000000000000000000000000000100055199801791NAIR JACINTO DE SOUZA                   ESTRADA DOS BANDEIRANTES, 7276 LOTE 3 BLCURICICA - R22780085RIO DE JANEIRO RJUNIAO UMB DOS CULTOS AFRO BRAS    30031810 000013
10231987175000168916200163100    000013982                    000139820000000000000109                     I0113982     30051800000000035003410000017N220218104700000000000103005180000000000000000000000000000000000000000100007128617779NEIDE TELES DO NASCIMENTO               RUA: ARACA Nº 541                      RICARDO DE A21620050RIO DE JANEIRO RJUNIAO UMB DOS CULTOS AFRO BRAS    30051810 000014
10231987175000168916200163100    000013981                    000139810000000000000109                     I0113981     30041800000000035003410000017N220218104700000000000103004180000000000000000000000000000000000000000100007128617779NEIDE TELES DO NASCIMENTO               RUA: ARACA Nº 541                      RICARDO DE A21620050RIO DE JANEIRO RJUNIAO UMB DOS CULTOS AFRO BRAS    30041810 000015
10231987175000168916200163100    000013980                    000139800000000000000109                     I0113980     30031800000000035003410000017N220218104700000000000103003180000000000000000000000000000000000000000100007128617779NEIDE TELES DO NASCIMENTO               RUA: ARACA Nº 541                      RICARDO DE A21620050RIO DE JANEIRO RJUNIAO UMB DOS CULTOS AFRO BRAS    30031810 000016
10231987175000168916200163100    000013979                    000139790000000000000109                     I0113979     30051800000000035003410000017N220218104700000000000103005180000000000000000000000000000000000000000100059480904772EDSON CORREIA                           RUA NOVA ATLANTIDA, 543                 ROSA DOS VEN26278757NOVA IGUACU    RJUNIAO UMB DOS CULTOS AFRO BRAS    30051810 000017
10231987175000168916200163100    000013978                    000139780000000000000109                     I0113978     30041800000000035003410000017N220218104700000000000103004180000000000000000000000000000000000000000100059480904772EDSON CORREIA                           RUA NOVA ATLANTIDA, 543                 ROSA DOS VEN26278757NOVA IGUACU    RJUNIAO UMB DOS CULTOS AFRO BRAS    30041810 000018
10231987175000168916200163100    000013977                    000139770000000000000109                     I0113977     30031800000000035003410000017N220218104700000000000103003180000000000000000000000000000000000000000100059480904772EDSON CORREIA                           RUA NOVA ATLANTIDA, 543                 ROSA DOS VEN26278757NOVA IGUACU    RJUNIAO UMB DOS CULTOS AFRO BRAS    30031810 000019
10231987175000168916200163100    000013973                    000139730000000000000109                     I0113973     30051800000000035003410000017N210218104700000000000103005180000000000000000000000000000000000000000100003756140792LUIZ HENRIQUE DINIZ SIMOES              RUA  BUCARESTE, 833                     VIGARIO GERA21241250RIO DE JANEIRO RJUNIAO UMB DOS CULTOS AFRO BRAS    30051810 000020
10231987175000168916200163100    000013972                    000139720000000000000109                     I0113972     30041800000000035003410000017N210218104700000000000103004180000000000000000000000000000000000000000100003756140792LUIZ HENRIQUE DINIZ SIMOES              RUA  BUCARESTE, 833                     VIGARIO GERA21241250RIO DE JANEIRO RJUNIAO UMB DOS CULTOS AFRO BRAS    30041810 000021
10231987175000168916200163100    000013971                    000139710000000000000109                     I0113971     30031800000000035003410000017N210218104700000000000103003180000000000000000000000000000000000000000100003756140792LUIZ HENRIQUE DINIZ SIMOES              RUA  BUCARESTE, 833                     VIGARIO GERA21241250RIO DE JANEIRO RJUNIAO UMB DOS CULTOS AFRO BRAS    30031810 000022
10231987175000168916200163100    00008668                     000086680000000000000109                     I028668      31011800000000035003410000017N020118104700000000000103101180000000000000000000000000000000000000000100005365022777PAULA DOS REIS MOITA                    RUA IGUABA GRANDE N 78 BLOCO 6 APT 1206 PAVUNA - RIO21655340RIO DE JANEIRO RJUNIAO UMB DOS CULTOS AFRO BRAS    31011810 000023
10231987175000168916200163100    00003314                     000033140000000000000109                     I343314      22121700000000350003410000017N171117104700000000000102212170000000000000000000000000000000000000000100003350383793RITA DE CASSIA MOREIRA DA SILV          RUA ALBERTO TEIXEIRA DA CUNHA, 1160     CENTRO - NIL26520110NILOPOLIS      RJUNIAO UMB DOS CULTOS AFRO BRAS    22121710 000024
9                                                                                                                                                                                                                                                                                                                                                                                                         000025
