01REMESSA01COBRANCA       817800093673        União Umb dos Cultos Afro Bra341BANCO ITAU SA  290118                                                                                                                                                                                                                                                                                                      000001
10231987175000168817800093673    00009072                     000090720000000000000109                     I019072      28021800000000035003410000017N290118104700000000000102802180000000000000000000000000000000000000000100010154945790SIMONE DE OLIVEIRA CUNHA                RUA ONZE                                JARDIM ROTSE25270080DUQUE DE CAXIASRJUNIAO UMB DOS CULTOS AFRO BRAS    28021810 000002
10231987175000168817800093673    00009071                     000090710000000000000109                     I019071      28021800000000420003410000017N290118104700000000000102802180000000000000000000000000000000000000000100002239503785ARILZA ALMEIDA CARVALHO                 AVENIDA: BEIRA RIO LOTE 26 - RIO DO OUROSAO GONCALO 24752605SAO GONCALO    RJUNIAO UMB DOS CULTOS AFRO BRAS    28021810 000003
10231987175000168817800093673    00009070                     000090700000000000000109                     I019070      28021800000000035003410000017N290118104700000000000102802180000000000000000000000000000000000000000100058895780370ELZA MORAES DA SILVA                    RUA WALTER JOSE BRAGA, 19               PARQUE TELES25581171SAO JOAO DE MERRJUNIAO UMB DOS CULTOS AFRO BRAS    28021810 000004
10231987175000168817800093673    00009069                     000090690000000000000109                     I019069      08021800000000315003410000017N280118104700000000000100802180000000000000000000000000000000000000000100007802202779ROBERTO DE OLIVEIRA ALONSO NET          RUA VEREADOR FRANCISCO NUNES, 1266 APTO CENTRO - NIL26540040NILOPOLIS      RJUNIAO UMB DOS CULTOS AFRO BRAS    08021810 000005
10231987175000168817800093673    00008384                     000083840000000000000109                     I028384      28021800000000035003410000017N291217104700000000000102802180000000000000000000000000000000000000000100001456619705ROSANGELA DAMASCENO                     AVENIDA RAUL BARROS VIEIRA, 120         BANGU - RJ  21864230RIO DE JANEIRO RJUNIAO UMB DOS CULTOS AFRO BRAS    28021810 000006
10231987175000168817800093673    00008342                     000083420000000000000109                     I028342      28021800000000035003410000017N291217104700000000000102802180000000000000000000000000000000000000000100005569373764VIVIANE DA SILVA MERIADE DUART          RUA ARISTIDES LOBO N 44 APT 401         RIO COMPRIDO20150450RIO DE JANEIRO RJUNIAO UMB DOS CULTOS AFRO BRAS    28021810 000007
10231987175000168817800093673    00008043                     000080430000000000000109                     I028043      28021800000000035003410000017N291217104700000000000102802180000000000000000000000000000000000000000100087683431753MARINEIDE DOS SANTOS GUIMARAES          RUA: ERNESTO CARDOSO Nº 1436 - CHATUBA CENTRO - NIL26521450NILOPOLIS      RJUNIAO UMB DOS CULTOS AFRO BRAS    28021810 000008
10231987175000168817800093673    00007893                     000078930000000000000109                     I027893      28021800000000035003410000017N291217104700000000000102802180000000000000000000000000000000000000000100039914666787JUSSARA MARANHAO DA SILVA               RUA AGUAS BELAS N 174                   AURORA - SAO23055580CAMPO GRANDE   RJUNIAO UMB DOS CULTOS AFRO BRAS    28021810 000009
10231987175000168817800093673    00007884                     000078840000000000000109                     I027884      28021800000000035003410000017N291217104700000000000102802180000000000000000000000000000000000000000100000561922748SALVADOR MOLINA TRINDADE                RUA INARE  490                          CASCADURA - 21311190RIO DE JANEIRO RJUNIAO UMB DOS CULTOS AFRO BRAS    28021810 000010
10231987175000168817800093673    00007881                     000078810000000000000109                     I027881      28021800000000035003410000017N291217104700000000000102802180000000000000000000000000000000000000000100001357274726JUREMA MEDEIROS MARTINS                 RUA SOLDADO LAERCIO DE MENDONCA, LOTE 22INHOAIBA    23063190RIO DE JANEIRO RJUNIAO UMB DOS CULTOS AFRO BRAS    28021810 000011
10231987175000168817800093673    00007237                     000072370000000000000109                     I027237      28021800000000035003410000017N271217104700000000000102802180000000000000000000000000000000000000000100010788322770OLINDA SOARES ADRIANO E JORGE           RUA DOUTOR CARVALHO FERREIRA N 44       PIABETA - MA25937146MAGE           RJUNIAO UMB DOS CULTOS AFRO BRAS    28021810 000012
10231987175000168817800093673    00006470                     000064700000000000000109                     I026470      28021800000000035003410000017N271217104700000000000102802180000000000000000000000000000000000000000100047707569768BENEDITA LEOMIDIA DA COSTA              RUA NOSSA SENHORA DA GLORIA, 100        VILA MARIA H25251530DUQUE DE CAXIASRJUNIAO UMB DOS CULTOS AFRO BRAS    28021810 000013
10231987175000168817800093673    00006336                     000063360000000000000109                     I026336      28021800000000035003410000017N271217104700000000000102802180000000000000000000000000000000000000000100002541954743DENISE DIAS DE OLIVEIRA                 RUA: BERNARDINO DE CAMPOS               DUQUE DE CAX25035530DUQUE DE CAXIASRJUNIAO UMB DOS CULTOS AFRO BRAS    28021810 000014
10231987175000168817800093673    00006228                     000062280000000000000109                     I026228      28021800000000035003410000017N271217104700000000000102802180000000000000000000000000000000000000000100036920940787MARIA DE FATIMA PREFEITO DOS S          RUA  IPEUVA, 81                         BRAS DE PINA21215400RIO DE JANEIRO RJUNIAO UMB DOS CULTOS AFRO BRAS    28021810 000015
10231987175000168817800093673    00006056                     000060560000000000000109                     I026056      31011800000000035003410000017N261217104700000000000103101180000000000000000000000000000000000000000100006864504778FABIO GUILHERME DOS SANTOS              O MESMO                                 O MESMO     24723190SAO GONCALO    RJUNIAO UMB DOS CULTOS AFRO BRAS    31011810 000016
10231987175000168817800093673    00005987                     000059870000000000000109                     I025987      31011800000000035003410000017N261217104700000000000103101180000000000000000000000000000000000000000100010788322770OLINDA SOARES ADRIANO E JORGE           RUA DOUTOR CARVALHO FERREIRA N 44       PIABETA - MA25937146MAGE           RJUNIAO UMB DOS CULTOS AFRO BRAS    31011810 000017
10231987175000168817800093673    00005794                     000057940000000000000109                     I025794      31011800000000035003410000017N261217104700000000000103101180000000000000000000000000000000000000000100084597763791VERA LUCIA PASSOS DA COSTA              O MESMO                                 O MESMO     22723497RIO DE JANEIRO RJUNIAO UMB DOS CULTOS AFRO BRAS    31011810 000018
10231987175000168817800093673    00005435                     000054350000000000000109                     I025435      31011800000000035003410000017N261217104700000000000103101180000000000000000000000000000000000000000100007802202779ROBERTO DE OLIVEIRA ALONSO NET          RUA VEREADOR FRANCISCO NUNES, 1266 APTO CENTRO - NIL26540040NILOPOLIS      RJUNIAO UMB DOS CULTOS AFRO BRAS    31011810 000019
10231987175000168817800093673    00005220                     000052200000000000000109                     I025220      31011800000000035003410000017N261217104700000000000103101180000000000000000000000000000000000000000100047707569768BENEDITA LEOMIDIA DA COSTA              RUA NOSSA SENHORA DA GLORIA, 100        VILA MARIA H25251530DUQUE DE CAXIASRJUNIAO UMB DOS CULTOS AFRO BRAS    31011810 000020
10231987175000168817800093673    00005086                     000050860000000000000109                     I025086      31011800000000035003410000017N261217104700000000000103101180000000000000000000000000000000000000000100002541954743DENISE DIAS DE OLIVEIRA                 RUA: BERNARDINO DE CAMPOS               DUQUE DE CAX25035530DUQUE DE CAXIASRJUNIAO UMB DOS CULTOS AFRO BRAS    31011810 000021
10231987175000168817800093673    00005084                     000050840000000000000109                     I025084      31011800000000035003410000017N261217104700000000000103101180000000000000000000000000000000000000000100002065913738ROBSON DE FARIA TORRES                  RUA CAPITAO AROLDO LEITAO Nº 54 FUNDOS OLARIA - RJ 21071050RIO DE JANEIRO RJUNIAO UMB DOS CULTOS AFRO BRAS    31011810 000022
10231987175000168817800093673    00005018                     000050180000000000000109                     I025018      31011800000000035003410000017N261217104700000000000103101180000000000000000000000000000000000000000100038268264772SANDRA NUNES DE ARAUJO                  O MESMO                                 O MESMO     25041060DUQUE DE CAXIASRJUNIAO UMB DOS CULTOS AFRO BRAS    31011810 000023
10231987175000168817800093673    00004979                     000049790000000000000109                     I024979      31011800000000035003410000017N261217104700000000000103101180000000000000000000000000000000000000000100001478169710TANIA MARIA ALVES CANEJO                RUA CAPITAO BARBOSA, 287 APTO 102       PRAIA DA BAN21921525RIO DE JANEIRO RJUNIAO UMB DOS CULTOS AFRO BRAS    31011810 000024
10231987175000168817800093673    00004978                     000049780000000000000109                     I024978      31011800000000035003410000017N261217104700000000000103101180000000000000000000000000000000000000000100036920940787MARIA DE FATIMA PREFEITO DOS S          RUA  IPEUVA, 81                         BRAS DE PINA21215400RIO DE JANEIRO RJUNIAO UMB DOS CULTOS AFRO BRAS    31011810 000025
10231987175000168817800093673    00004947                     000049470000000000000109                     I024947      31011800000000035003410000017N261217104700000000000103101180000000000000000000000000000000000000000100044029640753CREMILDA CONCEICAO LOPES                O MESMO                                 O MESMO     21235250RIO DE JANEIRO RJUNIAO UMB DOS CULTOS AFRO BRAS    31011810 000026
10231987175000168817800093673    00004933                     000049330000000000000109                     I024933      31011800000000035003410000017N261217104700000000000103101180000000000000000000000000000000000000000100095274987753PAULO SERGIO BARBOSA DA CUNHA           RUA: DAS BORBOLETAS Nº 21 E 22 - BANGU RIO DE JANEI21866030RIO DE JANEIRO RJUNIAO UMB DOS CULTOS AFRO BRAS    31011810 000027
10231987175000168817800093673    00001544                     000015440000000000000109                     I021544      20121700000000340003410000017N251017104700000000000102012170000000000000000000000000000000000000000100039914666787JUSSARA MARANHAO DA SILVA               RUA AGUAS BELAS N 174                   AURORA - SAO23055580CAMPO GRANDE   RJUNIAO UMB DOS CULTOS AFRO BRAS    20121710 000028
10231987175000168817800093673    00001527                     000015270000000000000109                     I341527      20121700000000340003410000017N251017104700000000000102012170000000000000000000000000000000000000000100001357274726JUREMA MEDEIROS MARTINS                 RUA SOLDADO LAERCIO DE MENDONCA, LOTE 22INHOAIBA    23063190RIO DE JANEIRO RJUNIAO UMB DOS CULTOS AFRO BRAS    20121710 000029
10231987175000168817800093673    00001300                     000013000000000000000109                     I021300      20121700000000340003410000017N241017104700000000000102012170000000000000000000000000000000000000000100087683431753MARINEIDE DOS SANTOS GUIMARAES          RUA: ERNESTO CARDOSO Nº 1436 - CHATUBA CENTRO - NIL26521450NILOPOLIS      RJUNIAO UMB DOS CULTOS AFRO BRAS    20121710 000030
10231987175000168817800093673    0000975                      000009750000000000000109                     I02975       20121700000000340003410000017N171017104700000000000102012170000000000000000000000000000000000000000100001456619705ROSANGELA DAMASCENO                     AVENIDA RAUL BARROS VIEIRA, 120         BANGU - RJ  21864230RIO DE JANEIRO RJUNIAO UMB DOS CULTOS AFRO BRAS    20121710 000031
10231987175000168817800093673    0000887                      000008870000000000000109                     I02887       20121700000000340003410000017N171017104700000000000102012170000000000000000000000000000000000000000100005183653798CLAUDIA DE OLIVEIRA ROCHA SABI          RUA ISAAC ZAIDMANN, 228 VILA F          COSTA BARROS21526090RIO DE JANEIRO RJUNIAO UMB DOS CULTOS AFRO BRAS    20121710 000032
10231987175000168817800093673    0000637                      000006370000000000000109                     I02637       20121700000000340003410000017N171017104700000000000102012170000000000000000000000000000000000000000100039914666787JUSSARA MARANHAO DA SILVA               RUA AGUAS BELAS N 174                   AURORA - SAO23055580CAMPO GRANDE   RJUNIAO UMB DOS CULTOS AFRO BRAS    20121710 000033
10231987175000168817800093673    0000431                      000004310000000000000109                     I02431       20121700000000340003410000017N101017104700000000000102012170000000000000000000000000000000000000000100007986589752LEANDRO DOS SANTOS RODRIGUES            AVENIDA GASPAR DE LEMOS, 13             ILHA DE GUAR23020230RIO DE JANEIRO RJUNIAO UMB DOS CULTOS AFRO BRAS    20121710 000034
9                                                                                                                                                                                                                                                                                                                                                                                                         000035
