01REMESSA01COBRANCA       916200163100        União Umb dos Cultos Afro Bra341BANCO ITAU SA  070819                                                                                                                                                                                                                                                                                                      000001
10231987175000168916200163100    000054007                    000540070000000000000109                     I0154007     05091900000000300003410000017N070819105700000000000990509190000000000000000000000000000000000000000100033104468753NILZA ALVES CHAROTTA                    RUA ZACARIAS DE GOISN 1350, APTº 53    PARQUE COLON04610003SAO PAULO      SPUNIAO UMB DOS CULTOS AFRO BRAS    05091915 000002
21050920190000000000600                                                                                                                                                                                                                                                                                                                                                                                   000003
10231987175000168916200163100    000054006                    000540060000000000000109                     I0254006     10081900000000120003410000017N070819105700000000000401008190000000000000000000000000000000000000000100004474701755JACIRA DE ALMEIDA BATISTA JULI          AVENIDA SAO PAULON 0, LOTE 11 QUADRA 18 PARQUE MARIL25225660DUQUE DE CAXIASRJUNIAO UMB DOS CULTOS AFRO BRAS    10081915 000004
21100820190000000000240                                                                                                                                                                                                                                                                                                                                                                                   000005
10231987175000168916200163100    000054005                    000540050000000000000109                     I0154005     10081900000000120003410000017N070819105700000000000401008190000000000000000000000000000000000000000100004474701755JACIRA DE ALMEIDA BATISTA JULI          AVENIDA SAO PAULON 0, LOTE 11 QUADRA 18 PARQUE MARIL25225660DUQUE DE CAXIASRJUNIAO UMB DOS CULTOS AFRO BRAS    10081915 000006
21100820190000000000240                                                                                                                                                                                                                                                                                                                                                                                   000007
10231987175000168916200163100    000054004                    000540040000000000000109                     I0154004     30081900000000080003410000017N070819105700000000000263008190000000000000000000000000000000000000000100002375024702FATIMA APARECIDA OLIVEIRA DE C          RUA MANUEL VITORINON 412,               ENCANTADO   20740280RIO DE JANEIRO RJUNIAO UMB DOS CULTOS AFRO BRAS    30081915 000008
21300820190000000000160                                                                                                                                                                                                                                                                                                                                                                                   000009
10231987175000168916200163100    000054003                    000540030000000000000109                     I0154003     30081900000000120003410000017N070819105700000000000403008190000000000000000000000000000000000000000100010089898788MONICA REGINA ELIAS DE SOUZA M          AVENIDA: SANTOS DUMONTN 581, APTº 101  PIABETA     25931758MAGE           RJUNIAO UMB DOS CULTOS AFRO BRAS    30081915 000010
21300820190000000000240                                                                                                                                                                                                                                                                                                                                                                                   000011
10231987175000168916200163100    000054002                    000540020000000000000109                     I0154002     30091900000000040003410000017N070819105700000000000133009190000000000000000000000000000000000000000100001348007702SONIA MARIA DE OLIVEIRA TRINDA          RUA CAMBUIN 238,                        CACUIA (ILHA21911130RIO DE JANEIRO RJUNIAO UMB DOS CULTOS AFRO BRAS    30091915 000012
21300920190000000000080                                                                                                                                                                                                                                                                                                                                                                                   000013
10231987175000168916200163100    000054001                    000540010000000000000109                     I0154001     02091900000000400003410000017N070819105700000000001320209190000000000000000000000000000000000000000100006871407731KATIA CRISTINA VIANA RAMOS              RUA BELA VISTAN 17, CASA                JACARE      28923120CABO FRIO      RJUNIAO UMB DOS CULTOS AFRO BRAS    02091915 000014
21020920190000000000800                                                                                                                                                                                                                                                                                                                                                                                   000015
10231987175000168916200163100    000044748                    000447480000000000000109                     I0244748     30061900000000040003410000017N130319105700000000000133006190000000000000000000000000000000000000000100083883363715ISABEL HELENA CEZARIO MEDEIROS          RUA DUQUE DE CAXIASN 129,               VILA ISABEL 20551050RIO DE JANEIRO RJUNIAO UMB DOS CULTOS AFRO BRAS    30061915 000016
21300620190000000000080                                                                                                                                                                                                                                                                                                                                                                                   000017
10231987175000168916200163100    000044373                    000443730000000000000109                     I0244373     30061900000000040003410000017N130319105700000000000133006190000000000000000000000000000000000000000100081531095704ROSANA ALMEIDA SILVA                    RUA JOAQUIM MARIANO DE MOURA N 246,     PONTO CHIC  26032840NOVA IGUACU    RJUNIAO UMB DOS CULTOS AFRO BRAS    30061915 000018
21300620190000000000080                                                                                                                                                                                                                                                                                                                                                                                   000019
9                                                                                                                                                                                                                                                                                                                                                                                                         000020
