01REMESSA01COBRANCA       817800093673        União Umb dos Cultos Afro Bra341BANCO ITAU SA  151018                                                                                                                                                                                                                                                                                                      000001
10231987175000168817800093673    000028944                    000289440000000000000109                     I0128944     31101800000000100003410000017N151018104700000000000103110180000000000000000000000000000000000000000100043641717787YWONE AMELIA VAZ COSTA                  RUA CASTRO MENEZES N 284 CASA 1         BRAZ DE PINA21215250RIO DE JANEIRO RJUNIAO UMB DOS CULTOS AFRO BRAS    31101810 000002
10231987175000168817800093673    000028943                    000289430000000000000109                     I0128943     20111800000000400003410000017N141018104700000000000102011180000000000000000000000000000000000000000100007173659728DULCINEIA SILVA DE SOUZA                RUA DO SOUTO                            CASCADURA   21311270RIO DE JANEIRO RJUNIAO UMB DOS CULTOS AFRO BRAS    20111810 000003
10231987175000168817800093673    000028942                    000289420000000000000109                     I0128942     20111800000000400003410000017N141018104700000000000102011180000000000000000000000000000000000000000100043641717787YWONE AMELIA VAZ COSTA                  RUA CASTRO MENEZES N 284 CASA 1         BRAZ DE PINA21215250RIO DE JANEIRO RJUNIAO UMB DOS CULTOS AFRO BRAS    20111810 000004
10231987175000168817800093673    000028941                    000289410000000000000109                     I0128941     20111800000000450003410000017N141018104700000000000102011180000000000000000000000000000000000000000100008834807782MARCELO LINO ISHIMINE                   RUA BARROSO PEREIRA                     IRAJA       20720012RIO DE JANEIRO RJUNIAO UMB DOS CULTOS AFRO BRAS    20111810 000005
10231987175000168817800093673    000028940                    000289400000000000000109                     I0128940     15111800000000400003410000017N141018104700000000000101511180000000000000000000000000000000000000000100014474105729BIANCA OHANNA MOURA DE CARVALH          RUA AMAZONAS                            PAULICEIA   25080055DUQUE DE CAXIASRJUNIAO UMB DOS CULTOS AFRO BRAS    15111810 000006
10231987175000168817800093673    000028939                    000289390000000000000109                     I0128939     30111800000000400003410000017N141018104700000000000103011180000000000000000000000000000000000000000100009060523784MARTA ANJOS PEREIRA DO NASCIME          RUA DUCLEIA MARTINS POLICARPO           SACRAMENTO  24735845RIO DE JANEIRO RJUNIAO UMB DOS CULTOS AFRO BRAS    30111810 000007
10231987175000168817800093673    000028938                    000289380000000000000109                     I0128938     10121800000000400003410000017N131018104700000000000101012180000000000000000000000000000000000000000100005412696740MONICA MIRALHA MESSINA                  RUA JOAQUIM NORBERTO                    CAVALCANTI  21370350RIO DE JANEIRO RJUNIAO UMB DOS CULTOS AFRO BRAS    10121810 000008
10231987175000168817800093673    000028937                    000289370000000000000109                     I0128937     27111800000000400003410000017N131018104700000000000102711180000000000000000000000000000000000000000100005721435755ALEX ARAUJO BRAGA                       RUA MARTE                               MESQUITA    26240290NOVA IGUACU    RJUNIAO UMB DOS CULTOS AFRO BRAS    27111810 000009
10231987175000168817800093673    000028936                    000289360000000000000109                     I0128936     31101800000000450003410000017N131018104700000000000103110180000000000000000000000000000000000000000100063604604753MARICELIA SALES FARIA MUNIZ             RUA CAROLINA AMADO Nº 1126 FUNDOS      IRAJA       21361320RIO DE JANEIRO RJUNIAO UMB DOS CULTOS AFRO BRAS    31101810 000010
10231987175000168817800093673    000028935                    000289350000000000000109                     I0128935     12121800000000400003410000017N131018104700000000000101212180000000000000000000000000000000000000000100007564771747BARBARA LISBOA PINTO                    RUA SOUZA BARROS                        ENGENHO NOVO00000000RIO DE JANEIRO RJUNIAO UMB DOS CULTOS AFRO BRAS    12121810 000011
10231987175000168817800093673    000028934                    000289340000000000000109                     I0128934     30101800000000100003410000017N121018104700000000000103010180000000000000000000000000000000000000000100018338577715MARILDA ALVES DE ALMEIDA                RUA BORBOREMA                           MADUREIRA   21360150RIO DE JANEIRO RJUNIAO UMB DOS CULTOS AFRO BRAS    30101810 000012
10231987175000168817800093673    000028933                    000289330000000000000109                     I0128933     10121800000000400003410000017N121018104700000000000101012180000000000000000000000000000000000000000100086469770720JOCELY RODRIGUES LIMA                   RUA GETULIO MACHADO                     VILA COSMOS 21221000RIO DE JANEIRO RJUNIAO UMB DOS CULTOS AFRO BRAS    10121810 000013
10231987175000168817800093673    000028932                    000289320000000000000109                     I0128932     05111800000000350003410000017N121018104700000000000100511180000000000000000000000000000000000000000100069881278791TANIA MARCIA DA CAMARA ESTEVES          RUA ADEMIR RODRIGUES DA SILVEIRA        REMANSO VERD24323063PENDOTIBA      RJUNIAO UMB DOS CULTOS AFRO BRAS    05111810 000014
10231987175000168817800093673    000028931                    000289310000000000000109                     I0128931     16101800000000400003410000017N121018104700000000000101610180000000000000000000000000000000000000000100048941247772MARIA FLOR DE MAIO SANTOS               RUA APOLO                               PAVUNA      22735210RIO DE JANEIRO RJUNIAO UMB DOS CULTOS AFRO BRAS    16101810 000015
10231987175000168817800093673    000028930                    000289300000000000000109                     I0128930     17121800000000400003410000017N121018104700000000000101712180000000000000000000000000000000000000000100007501747766LEONARDO ANDRE MARQUES FERNAND          RUA MABA                                VIGARIO GERA21241072RIO DE JANEIRO RJUNIAO UMB DOS CULTOS AFRO BRAS    17121810 000016
10231987175000168817800093673    000028929                    000289290000000000000109                     I0128929     12111800000000450003410000017N121018104700000000000101211180000000000000000000000000000000000000000100008071910783JACIARA VAZ DA COSTA                    AVENIDA: SAO JOAO DE MERITI             JARDIM METRO25571161SAO JOAO DE MERRJUNIAO UMB DOS CULTOS AFRO BRAS    12111810 000017
10231987175000168817800093673    000028928                    000289280000000000000109                     I0128928     17101800000000035003410000017N111018104700000000000101710180000000000000000000000000000000000000000100003276628759HERCULES LIMA TAVARES                   RUA: ALFREDO MANSUR                     MORRO GAMA  27150430BARRA DO PIRAI RJUNIAO UMB DOS CULTOS AFRO BRAS    17101810 000018
10231987175000168817800093673    000028927                    000289270000000000000109                     I0128927     20121800000000035003410000017N111018104700000000000102012180000000000000000000000000000000000000000100018338577715MARILDA ALVES DE ALMEIDA                RUA BORBOREMA                           MADUREIRA   21360150RIO DE JANEIRO RJUNIAO UMB DOS CULTOS AFRO BRAS    20121810 000019
10231987175000168817800093673    000028926                    000289260000000000000109                     I0128926     17101800000000040003410000017N111018104700000000000101710180000000000000000000000000000000000000000100064437860700VALCI BARBOSA CAMPOS                    TRAVESSA PADRE CICERO                   SANTA ROSA  24310340NITEROI        RJUNIAO UMB DOS CULTOS AFRO BRAS    17101810 000020
10231987175000168817800093673    000028925                    000289250000000000000109                     I0128925     30101800000000350003410000017N111018104700000000000103010180000000000000000000000000000000000000000100001660709717ALEXANDRE TEIXEIRA DE OLIVEIRA          RUA ITU                                 PARQUE SAO B26167200BELFORD ROXO   RJUNIAO UMB DOS CULTOS AFRO BRAS    30101810 000021
10231987175000168817800093673    000028924                    000289240000000000000109                     I0128924     15101800000000105003410000017N111018104700000000000101510180000000000000000000000000000000000000000100010880272308FERNANDA DOS SANTOS PEREIRA             RUA LINS DE VASCONCELOS                 LINS DE VASC20710130RIO DE JANEIRO RJUNIAO UMB DOS CULTOS AFRO BRAS    15101810 000022
10231987175000168817800093673    000028923                    000289230000000000000109                     I0128923     20121800000000035003410000017N111018104700000000000102012180000000000000000000000000000000000000000100000633999709KATIA REGINA LEITE RAMOS                RUA GUIRATIM                            IRAJA       21371410RIO DE JANEIRO RJUNIAO UMB DOS CULTOS AFRO BRAS    20121810 000023
10231987175000168817800093673    000028922                    000289220000000000000109                     I0228922     30111800000000040003410000017N111018104700000000000103011180000000000000000000000000000000000000000100001558268758MARCO VALERIO RODRIGUES MONTEI          RUA JOAO CANDIDO                        VILA ROSALI 25510390RIO DE JANEIRO RJUNIAO UMB DOS CULTOS AFRO BRAS    30111810 000024
10231987175000168817800093673    000028921                    000289210000000000000109                     I0128921     01111800000000380003410000017N111018104700000000000100111180000000000000000000000000000000000000000100098630164700LEILA DE JESUS FREIRE                   RUA CAMINHO DO CABO                     SANTISSIMO  00000000RIO DE JANEIRO RJUNIAO UMB DOS CULTOS AFRO BRAS    01111810 000025
10231987175000168817800093673    000028920                    000289200000000000000109                     I0228920     01111800000000380003410000017N111018104700000000000100111180000000000000000000000000000000000000000100098630164700LEILA DE JESUS FREIRE                   RUA CAMINHO DO CABO                     SANTISSIMO  00000000RIO DE JANEIRO RJUNIAO UMB DOS CULTOS AFRO BRAS    01111810 000026
10231987175000168817800093673    000028919                    000289190000000000000109                     I0128919     30101800000000175003410000017N111018104700000000000103010180000000000000000000000000000000000000000100005137259705CRISTINA DE OLIVEIRA DA SILVA           AVENIDA CAMPO MOURAO                    JARDIM MARAV23031080GUARATIBA      RJUNIAO UMB DOS CULTOS AFRO BRAS    30101810 000027
10231987175000168817800093673    000028885                    000288850000000000000109                     I0228885     15101800000000380003410000017N041018104700000000000101510180000000000000000000000000000000000000000100098630164700LEILA DE JESUS FREIRE                   RUA CAMINHO DO CABO                     SANTISSIMO  00000000RIO DE JANEIRO RJUNIAO UMB DOS CULTOS AFRO BRAS    15101810 000028
10231987175000168817800093673    000028143                    000281430000000000000109                     I0228143     30111800000000035003410000017N200818104700000000000103011180000000000000000000000000000000000000000100075453738715MARCIA REGINA DE MELLO SANTOS           RUA FRANCISCO FRAMBACK                  CASCATINHA  25620003PETROPOLIS     RJUNIAO UMB DOS CULTOS AFRO BRAS    30111810 000029
10231987175000168817800093673    000027836                    000278360000000000000109                     I0227836     30111800000000035003410000017N200818104700000000000103011180000000000000000000000000000000000000000100098630164700LEILA DE JESUS FREIRE                   RUA CAMINHO DO CABO                     SANTISSIMO  00000000RIO DE JANEIRO RJUNIAO UMB DOS CULTOS AFRO BRAS    30111810 000030
10231987175000168817800093673    000026417                    000264170000000000000109                     I0226417     30091800000000035003410000017N200818104700000000000103009180000000000000000000000000000000000000000100098630164700LEILA DE JESUS FREIRE                   RUA CAMINHO DO CABO                     SANTISSIMO  00000000RIO DE JANEIRO RJUNIAO UMB DOS CULTOS AFRO BRAS    30091810 000031
10231987175000168817800093673    000026403                    000264030000000000000109                     I0226403     30091800000000035003410000017N200818104700000000000103009180000000000000000000000000000000000000000100003276628759HERCULES LIMA TAVARES                   RUA: ALFREDO MANSUR                     MORRO GAMA  27150430BARRA DO PIRAI RJUNIAO UMB DOS CULTOS AFRO BRAS    30091810 000032
10231987175000168817800093673    000026261                    000262610000000000000109                     I3426261     30091800000000035003410000017N200818104700000000000103009180000000000000000000000000000000000000000100059374179768ROSANGELA MARIA DE CASTRO BEZE          RUA: DONA ISABEL                        BONSUCESSO  21032060RIO DE JANEIRO RJUNIAO UMB DOS CULTOS AFRO BRAS    30091810 000033
10231987175000168817800093673    000025947                    000259470000000000000109                     I0225947     30091800000000035003410000017N200818104700000000000103009180000000000000000000000000000000000000000100018338577715MARILDA ALVES DE ALMEIDA                RUA BORBOREMA                           MADUREIRA   21360150RIO DE JANEIRO RJUNIAO UMB DOS CULTOS AFRO BRAS    30091810 000034
10231987175000168817800093673    000025742                    000257420000000000000109                     I0225742     30091800000000035003410000017N200818104700000000000103009180000000000000000000000000000000000000000100085789569749VALMIR DE SOUZA RIBEIRO                 RUA NEPOMUCENO                          REALENGO    21715080RIO DE JANEIRO RJUNIAO UMB DOS CULTOS AFRO BRAS    30091810 000035
10231987175000168817800093673    000025704                    000257040000000000000109                     I0225704     30091800000000040003410000017N200818104700000000000103009180000000000000000000000000000000000000000100064437860700VALCI BARBOSA CAMPOS                    TRAVESSA PADRE CICERO                   SANTA ROSA  24310340NITEROI        RJUNIAO UMB DOS CULTOS AFRO BRAS    30091810 000036
10231987175000168817800093673    000025306                    000253060000000000000109                     I0225306     30101800000000035003410000017N200818104700000000000103010180000000000000000000000000000000000000000100075453738715MARCIA REGINA DE MELLO SANTOS           RUA FRANCISCO FRAMBACK                  CASCATINHA  25620003PETROPOLIS     RJUNIAO UMB DOS CULTOS AFRO BRAS    30101810 000037
10231987175000168817800093673    000025169                    000251690000000000000109                     I3425169     30101800000000035003410000017N200818104700000000000103010180000000000000000000000000000000000000000100002912143713JANAINA PACHECO PINHEIRO                RUA FILGUEIRAS LIMA                     RIACHUELO   20950050RIO DE JANEIRO RJUNIAO UMB DOS CULTOS AFRO BRAS    30101810 000038
10231987175000168817800093673    000024999                    000249990000000000000109                     I0224999     30101800000000035003410000017N200818104700000000000103010180000000000000000000000000000000000000000100098630164700LEILA DE JESUS FREIRE                   RUA CAMINHO DO CABO                     SANTISSIMO  00000000RIO DE JANEIRO RJUNIAO UMB DOS CULTOS AFRO BRAS    30101810 000039
10231987175000168817800093673    000024763                    000247630000000000000109                     I0224763     30101800000000035003410000017N200818104700000000000103010180000000000000000000000000000000000000000100000633999709KATIA REGINA LEITE RAMOS                RUA GUIRATIM                            IRAJA       21371410RIO DE JANEIRO RJUNIAO UMB DOS CULTOS AFRO BRAS    30101810 000040
10231987175000168817800093673    000024679                    000246790000000000000109                     I0224679     30101800000000035003410000017N200818104700000000000103010180000000000000000000000000000000000000000100093473095753ALEXANDER NUNES PICANCO                 RUA REGISTRO                            SENADOR CAMA21832270RIO DE JANEIRO RJUNIAO UMB DOS CULTOS AFRO BRAS    30101810 000041
10231987175000168817800093673    000024527                    000245270000000000000109                     I0224527     30101800000000035003410000017N200818104700000000000103010180000000000000000000000000000000000000000100018338577715MARILDA ALVES DE ALMEIDA                RUA BORBOREMA                           MADUREIRA   21360150RIO DE JANEIRO RJUNIAO UMB DOS CULTOS AFRO BRAS    30101810 000042
10231987175000168817800093673    000024322                    000243220000000000000109                     I0224322     30101800000000035003410000017N200818104700000000000103010180000000000000000000000000000000000000000100085789569749VALMIR DE SOUZA RIBEIRO                 RUA NEPOMUCENO                          REALENGO    21715080RIO DE JANEIRO RJUNIAO UMB DOS CULTOS AFRO BRAS    30101810 000043
9                                                                                                                                                                                                                                                                                                                                                                                                         000044
