01REMESSA01COBRANCA       916200163100        União Umb dos Cultos Afro Bra341BANCO ITAU SA  270519                                                                                                                                                                                                                                                                                                      000001
10231987175000168916200163100    000045314                    000453140000000000000109                     I0145314     30061900000000040003410000017N270519105700000000000103006190000000000000000000000000000000000000000100010941941744LEANDRO REAL DA SILVA                   RUA IBICABAN 70,                        PACIENCIA   23585610RIO DE JANEIRO RJUNIAO UMB DOS CULTOS AFRO BRAS    30061915 000002
10231987175000168916200163100    000045313                    000453130000000000000109                     I0145313     30061900000000030003410000017N270519105700000000000103006190000000000000000000000000000000000000000100010243718756ALESSANDRA JESUS DE OLIVEIRA L          RUA ANTONIO JOAQUIM DA SILVAN 49,       PARQUE BARRE25581140SAO JOAO DE MERRJUNIAO UMB DOS CULTOS AFRO BRAS    30061915 000003
10231987175000168916200163100    000045306                    000453060000000000000109                     I3445306     10061900000000280003410000017N240519105700000000000101006190000000000000000000000000000000000000000100099029359749ANDRE LUIZ REIS GRACIO                  RUA PIRAMBOIA N 130,                    SENADOR VASC23012300RIO DE JANEIRO RJUNIAO UMB DOS CULTOS AFRO BRAS    10061915 000004
10231987175000168916200163100    000045017                    000450170000000000000109                     I0245017     15041900000000300003410000017N050419105700000000000101504190000000000000000000000000000000000000000100001251801790AMARO LYRA DOS SANTOS FILHO             RUA JOAO VICENTE N 281, CASA 5          MADUREIRA   21340020RIO DE JANEIRO RJUNIAO UMB DOS CULTOS AFRO BRAS    15041915 000005
10231987175000168916200163100    000045007                    000450070000000000000109                     I0245007     15041900000000120003410000017N050419105700000000000101504190000000000000000000000000000000000000000100092111777749WANDERLEY DOS SANTOS MENDES             PRACA EMBOABAN 67,                      ENGENHO DA R20761160RIO DE JANEIRO RJUNIAO UMB DOS CULTOS AFRO BRAS    15041915 000006
10231987175000168916200163100    000044942                    000449420000000000000109                     I0244942     19041900000000120003410000017N010419105700000000000101904190000000000000000000000000000000000000000100008091112769ALINE BEATRIZ GARCIA DA SILVA           RUA ENGENHEIRO HENRIQUE LUSSACK N 936,  CENTRO      26553500MESQUITA       RJUNIAO UMB DOS CULTOS AFRO BRAS    19041915 000007
10231987175000168916200163100    000044936                    000449360000000000000109                     I0244936     10041900000000080003410000017N010419105700000000000101004190000000000000000000000000000000000000000100007717387735VALNICE DA SILVA RODRIGUES MEN          TRAVESSA NOVEN 35, BNH                  VILA VELHA (25912185MAGE           RJUNIAO UMB DOS CULTOS AFRO BRAS    10041915 000008
10231987175000168916200163100    000044935                    000449350000000000000109                     I0244935     15041900000000200003410000017N290319105700000000000101504190000000000000000000000000000000000000000100001902241770JOSE RICARDO CORREA FERREIRA            RUA BIRIGUIN 4459,                      BOA VISTA   24466190SAO GONCALO    RJUNIAO UMB DOS CULTOS AFRO BRAS    15041915 000009
10231987175000168916200163100    000044932                    000449320000000000000109                     I0244932     19041900000000700003410000017N290319105700000000000101904190000000000000000000000000000000000000000100008658808750LUIS CARLOS FARIAS DUARTE               RUA: RODOLFO GARCIA N 90, FUNDOS        CAMPO GRANDE23070430RIO DE JANEIRO RJUNIAO UMB DOS CULTOS AFRO BRAS    19041915 000010
10231987175000168916200163100    000044931                    000449310000000000000109                     I0244931     26041900000000200003410000017N290319105700000000000102604190000000000000000000000000000000000000000100004701154750VIVIANE FELIX GOMES                     RUA VANDA VASCONCELOS N 0, QD 8 LOTE 14 JARDIM REDEN26195460BELFORD ROXO   RJUNIAO UMB DOS CULTOS AFRO BRAS    26041915 000011
10231987175000168916200163100    000044929                    000449290000000000000109                     I0244929     12041900000000350003410000017N290319105700000000000101204190000000000000000000000000000000000000000100002295785782ELVIRA RODRIGUES DE MELLO               RUA ARAGUARIN 182, COMPLEMENTO 183      VILI SAO SEB26160250BELFORD ROXO   RJUNIAO UMB DOS CULTOS AFRO BRAS    12041915 000012
10231987175000168916200163100    000044928                    000449280000000000000109                     I0244928     20041900000000200003410000017N290319105700000000000102004190000000000000000000000000000000000000000100002875690710KARLA MARIA QUEIROGA MARTINS            RUA PEREIRA DA COSTAN 18, FUNDOS        MADUREIRA   21360270RIO DE JANEIRO RJUNIAO UMB DOS CULTOS AFRO BRAS    20041915 000013
10231987175000168916200163100    000044923                    000449230000000000000109                     I0244923     05041900000000080003410000017N290319105700000000000100504190000000000000000000000000000000000000000100064954528704CELIA REGINA DA SILVA                   RUA ARNALDO MENEZESN 0, QUADRA 6 LOTE 1 PARQUE BARRE25581250SAO JOAO DE MERRJUNIAO UMB DOS CULTOS AFRO BRAS    05041915 000014
10231987175000168916200163100    000044920                    000449200000000000000109                     I0244920     10041900000000150003410000017N290319105700000000000101004190000000000000000000000000000000000000000100003230389727LENIRA FELIX DA SILVA                   RUA ULISSES ROBERTON 1524,              BOACU       24467490SAO GONCALO    RJUNIAO UMB DOS CULTOS AFRO BRAS    10041915 000015
10231987175000168916200163100    000044908                    000449080000000000000109                     I0244908     01041900000000080003410000017N270319105700000000000100104190000000000000000000000000000000000000000100011622292766ROBERT HELENO MACEDO                    TRAVESSA JOSE CARRETEIRON 175, CASA 12  ENGENHOCA   24110444NITEROI        RJUNIAO UMB DOS CULTOS AFRO BRAS    01041915 000016
10231987175000168916200163100    000044907                    000449070000000000000109                     I0244907     10041900000000400003410000017N270319105700000000000101004190000000000000000000000000000000000000000100009959898776ANGELICA MONTEIRO DE OLIVEIRA           RUA CINCO N 313, GLEBA A                CHAPERO     23831190ITAGUAI        RJUNIAO UMB DOS CULTOS AFRO BRAS    10041915 000017
10231987175000168916200163100    000044902                    000449020000000000000109                     I0244902     01041900000000450003410000017N270319105700000000000100104190000000000000000000000000000000000000000100014326136774CAIO CESAR LIMA DA CRUZ                 RUA QUINTINO BOCAIUVAN 349,             NOVA CIDADE 26535130NILOPOLIS      RJUNIAO UMB DOS CULTOS AFRO BRAS    01041915 000018
10231987175000168916200163100    000044898                    000448980000000000000109                     I0244898     19041900000000080003410000017N260319105700000000000101904190000000000000000000000000000000000000000100079096611772MARIO LUIZ BARRETO DE BARROS            RUA GRAVATAN 215,                       MARECHAL HER21610510RIO DE JANEIRO RJUNIAO UMB DOS CULTOS AFRO BRAS    19041915 000019
10231987175000168916200163100    000044897                    000448970000000000000109                     I0244897     19041900000000400003410000017N260319105700000000000101904190000000000000000000000000000000000000000100086990810734ROGY CARLOS OLIVEIRA MELLO              RUA BORDA DO MATON 433,                 GRAJAU      20561208RIO DE JANEIRO RJUNIAO UMB DOS CULTOS AFRO BRAS    19041915 000020
10231987175000168916200163100    000044896                    000448960000000000000109                     I0244896     20041900000000350003410000017N260319105700000000000102004190000000000000000000000000000000000000000100080020542704DENISE PINHEIRO MOURA                   RUA SOTERO VAZ N 128, CASA 101 FUNDOS   IRAJA       21230140RIO DE JANEIRO RJUNIAO UMB DOS CULTOS AFRO BRAS    20041915 000021
10231987175000168916200163100    000044891                    000448910000000000000109                     I0244891     10041900000000350003410000017N250319105700000000000101004190000000000000000000000000000000000000000100001206849770EUGENIO ALBERTO DA SILVA LOPES          RUA COMENDADOR BASTOSN 526, BANANAL     FREGUESIA - 21911020RIO DE JANEIRO RJUNIAO UMB DOS CULTOS AFRO BRAS    10041915 000022
10231987175000168916200163100    000044880                    000448800000000000000109                     I0244880     31031900000000120003410000017N250319105700000000000103103190000000000000000000000000000000000000000100012106775717VITOR GABRIEL CARVALHO DE FIGU          RUA GENERAL BELFORDN 295, CASA 12       ROCHA       20961000RIO DE JANEIRO RJUNIAO UMB DOS CULTOS AFRO BRAS    31031915 000023
10231987175000168916200163100    000044838                    000448380000000000000109                     I0244838     31031900000000040003410000017N180319105700000000000103103190000000000000000000000000000000000000000100085148610778JACQUELINE MARQUES BARBOSA              RUA JUSTINA BULHOESN 37, APTº 1104     INGA        24210455NITEROI        RJUNIAO UMB DOS CULTOS AFRO BRAS    31031915 000024
10231987175000168916200163100    000044837                    000448370000000000000109                     I0244837     31031900000000040003410000017N180319105700000000000103103190000000000000000000000000000000000000000100085148610778JACQUELINE MARQUES BARBOSA              RUA JUSTINA BULHOESN 37, APTº 1104     INGA        24210455NITEROI        RJUNIAO UMB DOS CULTOS AFRO BRAS    31031915 000025
10231987175000168916200163100    000044836                    000448360000000000000109                     I0244836     10041900000000200003410000017N180319105700000000000101004190000000000000000000000000000000000000000100059919442704VANDA LUCIA PINHEIRO ROSA               RUA: VICENTE CANECO N 324,  BLOCO 24 APTBRAZ DE PINA21215550RIO DE JANEIRO RJUNIAO UMB DOS CULTOS AFRO BRAS    10041915 000026
10231987175000168916200163100    000044503                    000445030000000000000109                     I3444503     30061900000000040003410000017N130319105700000000000103006190000000000000000000000000000000000000000100058101543791JANETE BARBOSA FERREIRA                 AVENIDA SUBURBANA   N 0, CASA 1 FUNDOS LITAIPU      26127380BELFORD ROXO   RJUNIAO UMB DOS CULTOS AFRO BRAS    30061915 000027
10231987175000168916200163100    000043691                    000436910000000000000109                     I0243691     30061900000000040003410000017N130319105700000000000103006190000000000000000000000000000000000000000100085725730700MARIA LUCIA DA SILVA BORGES             RUA CASSIPOREN 1273,                    OLAVO BILAC 25036040DUQUE DE CAXIASRJUNIAO UMB DOS CULTOS AFRO BRAS    30061915 000028
10231987175000168916200163100    000043349                    000433490000000000000109                     I0243349     30061900000000040003410000017N130319105700000000000103006190000000000000000000000000000000000000000100000000000214JORGE PAIXAO MESQUITA ROSA              RUA TANGARA DA SERRAN 8, CASA 2         BANGU       21810270RIO DE JANEIRO RJUNIAO UMB DOS CULTOS AFRO BRAS    30061915 000029
10231987175000168916200163100    000042852                    000428520000000000000109                     I3442852     30051900000000040003410000017N130319105700000000000103005190000000000000000000000000000000000000000100058101543791JANETE BARBOSA FERREIRA                 AVENIDA SUBURBANA   N 0, CASA 1 FUNDOS LITAIPU      26127380BELFORD ROXO   RJUNIAO UMB DOS CULTOS AFRO BRAS    30051915 000030
10231987175000168916200163100    000042047                    000420470000000000000109                     I0242047     30051900000000040003410000017N130319105700000000000103005190000000000000000000000000000000000000000100085725730700MARIA LUCIA DA SILVA BORGES             RUA CASSIPOREN 1273,                    OLAVO BILAC 25036040DUQUE DE CAXIASRJUNIAO UMB DOS CULTOS AFRO BRAS    30051915 000031
10231987175000168916200163100    000041212                    000412120000000000000109                     I3441212     30041900000000040003410000017N120319105700000000000103004190000000000000000000000000000000000000000100058101543791JANETE BARBOSA FERREIRA                 AVENIDA SUBURBANA   N 0, CASA 1 FUNDOS LITAIPU      26127380BELFORD ROXO   RJUNIAO UMB DOS CULTOS AFRO BRAS    30041915 000032
10231987175000168916200163100    000040413                    000404130000000000000109                     I0240413     30041900000000040003410000017N120319105700000000000103004190000000000000000000000000000000000000000100085725730700MARIA LUCIA DA SILVA BORGES             RUA CASSIPOREN 1273,                    OLAVO BILAC 25036040DUQUE DE CAXIASRJUNIAO UMB DOS CULTOS AFRO BRAS    30041915 000033
10231987175000168916200163100    000039848                    000398480000000000000109                     I0239848     30031900000000280003410000017N260219105700000000000103003190000000000000000000000000000000000000000100013647266701WALLACE BRUNO COUTINHO PEREIRA          RUA RAFAEL WALLACE COUTINHO PEREIRA N 71SANTANA     23811437ITAGUAI        RJUNIAO UMB DOS CULTOS AFRO BRAS    30031915 000034
10231987175000168916200163100    000039847                    000398470000000000000109                     I0239847     30031900000000040003410000017N260219105700000000000103003190000000000000000000000000000000000000000100013647266701WALLACE BRUNO COUTINHO PEREIRA          RUA RAFAEL WALLACE COUTINHO PEREIRA N 71SANTANA     23811437ITAGUAI        RJUNIAO UMB DOS CULTOS AFRO BRAS    30031915 000035
10231987175000168916200163100    000039846                    000398460000000000000109                     I0239846     30031900000000280003410000017N260219105700000000000103003190000000000000000000000000000000000000000100001662021771ROBERTO DOS SANTOS QUEIROGA             RUA EDGAR BARBOSA N 120,                ANCHIETA    21645190RIO DE JANEIRO RJUNIAO UMB DOS CULTOS AFRO BRAS    30031915 000036
10231987175000168916200163100    000039845                    000398450000000000000109                     I0239845     30031900000000040003410000017N260219105700000000000103003190000000000000000000000000000000000000000100001662021771ROBERTO DOS SANTOS QUEIROGA             RUA EDGAR BARBOSA N 120,                ANCHIETA    21645190RIO DE JANEIRO RJUNIAO UMB DOS CULTOS AFRO BRAS    30031915 000037
10231987175000168916200163100    000039843                    000398430000000000000109                     I0239843     30031900000000040003410000017N250219105700000000000103003190000000000000000000000000000000000000000100003400539767MARIA SUELI OLIVEIRA NASCIMENT          RUA SAO FRANCISCO XAVIERN 139,          PIABETA     25931414MAGE           RJUNIAO UMB DOS CULTOS AFRO BRAS    30031915 000038
10231987175000168916200163100    000039841                    000398410000000000000109                     I0239841     30031900000000040003410000017N250219105700000000000103003190000000000000000000000000000000000000000100008942864716NARA VANESSA DA SILVEIRA CASTI          AVENIDA NOVA ORLEANSN 113,              VILA CALIFOR23810210ITAGUAI        RJUNIAO UMB DOS CULTOS AFRO BRAS    30031915 000039
10231987175000168916200163100    000039840                    000398400000000000000109                     I0239840     30031900000000280003410000017N250219105700000000000103003190000000000000000000000000000000000000000100008942864716NARA VANESSA DA SILVEIRA CASTI          AVENIDA NOVA ORLEANSN 113,              VILA CALIFOR23810210ITAGUAI        RJUNIAO UMB DOS CULTOS AFRO BRAS    30031915 000040
10231987175000168916200163100    000039839                    000398390000000000000109                     I0239839     30031900000000700003410000017N250219105700000000000103003190000000000000000000000000000000000000000100001908344717RICARDO JOSE DOS SANTOS TAVARE          RUA GUMERCINDO LESSAN 78,               OUTEIRO DAS 24812348ITABORAI       RJUNIAO UMB DOS CULTOS AFRO BRAS    30031915 000041
10231987175000168916200163100    000039811                    000398110000000000000109                     I0239811     29031900000000040003410000017N190219105700000000000102903190000000000000000000000000000000000000000100012998933769BRUNO COSTA BATISTA                     RUA MARAPANIMN 0, LOTE 8 QUADRA 21      JARDIM PRIMA25223230DUQUE DE CAXIASRJUNIAO UMB DOS CULTOS AFRO BRAS    29031915 000042
10231987175000168916200163100    000039784                    000397840000000000000109                     I0239784     30031900000000040003410000017N130219105700000000000103003190000000000000000000000000000000000000000100060244844704IARA NEVES DA SILVA                     RUA JATAUBAN 125,                       ROCHA MIRAND21540600RIO DE JANEIRO RJUNIAO UMB DOS CULTOS AFRO BRAS    30031915 000043
10231987175000168916200163100    000039710                    000397100000000000000109                     I0239710     31031900000000040003410000017N010219105700000000000103103190000000000000000000000000000000000000000100054222141704WALMIR CARVALHO GUIMARAES               RUA BOA VIAGEMN 186, CASA               IPIRANGA    26293591NOVA IGUACU    RJUNIAO UMB DOS CULTOS AFRO BRAS    31031915 000044
10231987175000168916200163100    000039705                    000397050000000000000109                     I0239705     29031900000000040003410000017N010219105700000000000102903190000000000000000000000000000000000000000100001568681720MARCO ANTONIO DA COSTA                  RUA LOIR NOGUEIRAN 0, LOTE 10 QUADRA 11 RIO DO OURO 24752840SAO GONCALO    RJUNIAO UMB DOS CULTOS AFRO BRAS    29031915 000045
10231987175000168916200163100    000039672                    000396720000000000000109                     I0239672     31031900000000040003410000017N290119105700000000000103103190000000000000000000000000000000000000000100006927798765ROSA MARIA RICARDO                      RUA JOAQUIM BESSAN 169, 148 / RUA DOIS  TRINDADE    24210205SAO GONCALO    RJUNIAO UMB DOS CULTOS AFRO BRAS    31031915 000046
10231987175000168916200163100    000039651                    000396510000000000000109                     I0239651     29031900000000040003410000017N250119105700000000000102903190000000000000000000000000000000000000000100093759215734LACY DE SOUZA NERYS                     RUA ARTICA N 77,                        COMENDADOR S26276180NOVA IGUACU    RJUNIAO UMB DOS CULTOS AFRO BRAS    29031915 000047
10231987175000168916200163100    000039492                    000394920000000000000109                     I0239492     29031900000000040003410000017N040119105700000000000102903190000000000000000000000000000000000000000100009448785712ANDREIA SOUSA SERRA                     RUA BIRIGUIN 4464,                      BOA VISTA   24466190SAO GONCALO    RJUNIAO UMB DOS CULTOS AFRO BRAS    29031915 000048
10231987175000168916200163100    000039486                    000394860000000000000109                     I0239486     31031900000000040003410000017N040119105700000000000103103190000000000000000000000000000000000000000100047933933220LUCIANA COSTA OLIVEIRA LEITE            AVENIDA PRIMEIRO DE MAION 3890, QUADRA 1CENTRO (S-0176980120VILHENA        ROUNIAO UMB DOS CULTOS AFRO BRAS    31031915 000049
10231987175000168916200163100    000039468                    000394680000000000000109                     I0239468     10041900000000105003410000017N030119105700000000000101004190000000000000000000000000000000000000000100064915026787MARTINA SELMA DA COSTA                  RUA BUCARESTEN 0, LOTE 27 QUADRA 79     VILA CENTRAL26316136QUEIMADOS      RJUNIAO UMB DOS CULTOS AFRO BRAS    10041915 000050
10231987175000168916200163100    000039457                    000394570000000000000109                     I0239457     30031900000000040003410000017N020119105700000000000103003190000000000000000000000000000000000000000100053177827753CREUZA FREITAS DOS SANTOS               RUA HERMES DA SILVA N 63, A             SANTA CRUZ  23550155RIO DE JANEIRO RJUNIAO UMB DOS CULTOS AFRO BRAS    30031915 000051
10231987175000168916200163100    000039445                    000394450000000000000109                     I0239445     30031900000000040003410000017N020119105700000000000103003190000000000000000000000000000000000000000100068424647734MARCIA VALERIA VALIATI DOS SAN          RUA CONSTANCA BARBOSA N 65, APARTAMENTO MEIER       20735090RIO DE JANEIRO RJUNIAO UMB DOS CULTOS AFRO BRAS    30031915 000052
10231987175000168916200163100    000039437                    000394370000000000000109                     I0239437     31031900000000040003410000017N020119105700000000000103103190000000000000000000000000000000000000000100007717387735VALNICE DA SILVA RODRIGUES MEN          TRAVESSA NOVEN 35, BNH                  VILA VELHA (25912185MAGE           RJUNIAO UMB DOS CULTOS AFRO BRAS    31031915 000053
9                                                                                                                                                                                                                                                                                                                                                                                                         000054
