01REMESSA01COBRANCA       817800093673        União Umb dos Cultos Afro Bra341BANCO ITAU SA  020418                                                                                                                                                                                                                                                                                                      000001
10231987175000168817800093673    00001436                     000014360000000000000109                     I021436      20121700000000210003410000017N251017104700000000000102012170000000000000000000000000000000000000000100003408195706MONICA VALERIA COSTA BARAUNA            AVENDIA: CARNAUBEIRA Nº 415 - GUARATIBARIO DE JANEI23032080RIO DE JANEIRO RJUNIAO UMB DOS CULTOS AFRO BRAS    20121710 000002
10231987175000168817800093673    00001433                     000014330000000000000109                     I021433      20121700000000300003410000017N251017104700000000000102012170000000000000000000000000000000000000000100078251329749SOLANGE BASTOS DE ARAUJO                RUA EXPEDICIONARIO SIMAO FERNANDES N 185COLUBANDE - 24451700SAO GONCALO    RJUNIAO UMB DOS CULTOS AFRO BRAS    20121710 000003
10231987175000168817800093673    00001432                     000014320000000000000109                     I021432      20121700000000300003410000017N251017104700000000000102012170000000000000000000000000000000000000000100069222118715MARIA LUCIA DOS SANTOS FERREIR          RUA FLORIANO PINHEIRO DE CAMPOS N 2     GUARATIBA   21660230RIO DE JANEIRO RJUNIAO UMB DOS CULTOS AFRO BRAS    20121710 000004
10231987175000168817800093673    00001430                     000014300000000000000109                     I021430      20121700000000180003410000017N251017104700000000000102012170000000000000000000000000000000000000000100063533758753SONIA MARIA MEIRA DE SOUZA              ESTRADA DE PACIENCIA, 120 (ASSOCIACAO)  PACIENCIA - 23060372RIO DE JANEIRO RJUNIAO UMB DOS CULTOS AFRO BRAS    20121710 000005
9                                                                                                                                                                                                                                                                                                                                                                                                         000006
