01REMESSA01COBRANCA       916200163100        União Umb dos Cultos Afro Bra341BANCO ITAU SA  110518                                                                                                                                                                                                                                                                                                      000001
10231987175000168916200163100    000020975                    000209750000000000000109                     I0120975     31051800000000140003410000017N110518104700000000000103105180000000000000000000000000000000000000000200000000006073ARACI AMELIA DA SILVA RIBEIRO           RUA ALIPIO GOMES DOS SANTOS, 493        JARDIM AMERI27340230BARRA DO PIRAI RJUNIAO UMB DOS CULTOS AFRO BRAS    31051810 000002
10231987175000168916200163100    000020974                    000209740000000000000109                     I0120974     15051800000000035003410000017N110518104700000000000101505180000000000000000000000000000000000000000200000000006073ARACI AMELIA DA SILVA RIBEIRO           RUA ALIPIO GOMES DOS SANTOS, 493        JARDIM AMERI27340230BARRA DO PIRAI RJUNIAO UMB DOS CULTOS AFRO BRAS    15051810 000003
10231987175000168916200163100    000020973                    000209730000000000000109                     I0120973     14051800000000070003410000017N110518104700000000000101405180000000000000000000000000000000000000000200000000006480VERA LUCIA DA CRUZ NEVES                O MESMO                                 O MESMO     23017210RIO DE JANEIRO RJUNIAO UMB DOS CULTOS AFRO BRAS    14051810 000004
10231987175000168916200163100    000020972                    000209720000000000000109                     I0120972     10061800000000350003410000017N100518104700000000000101006180000000000000000000000000000000000000000100004770414773CARLOS ALBERTO TORRES NOGUEIRA          ESTRADA DO LAMEIRAO, 667 CASA 9         SANTISSIMO -23092031RIO DE JANEIRO RJUNIAO UMB DOS CULTOS AFRO BRAS    10061810 000005
10231987175000168916200163100    000020971                    000209710000000000000109                     I0120971     30081800000000035003410000017N100518104700000000000103008180000000000000000000000000000000000000000100059588797791VERONICA FARIAS DA ROCHA                RUA DOMINGOS DE MAGALHAES N 235         MARIA DA GRA20785353RIO DE JANEIRO RJUNIAO UMB DOS CULTOS AFRO BRAS    30081810 000006
10231987175000168916200163100    000020970                    000209700000000000000109                     I0120970     30071800000000035003410000017N100518104700000000000103007180000000000000000000000000000000000000000100059588797791VERONICA FARIAS DA ROCHA                RUA DOMINGOS DE MAGALHAES N 235         MARIA DA GRA20785353RIO DE JANEIRO RJUNIAO UMB DOS CULTOS AFRO BRAS    30071810 000007
10231987175000168916200163100    000020969                    000209690000000000000109                     I0120969     30061800000000035003410000017N100518104700000000000103006180000000000000000000000000000000000000000100059588797791VERONICA FARIAS DA ROCHA                RUA DOMINGOS DE MAGALHAES N 235         MARIA DA GRA20785353RIO DE JANEIRO RJUNIAO UMB DOS CULTOS AFRO BRAS    30061810 000008
10231987175000168916200163100    000020968                    000209680000000000000109                     I0120968     30081800000000035003410000017N100518104700000000000103008180000000000000000000000000000000000000000100055041388768GERALDO JOSE DE OLIVEIRA                RUA CARDEAL DOM SEBASTIAO LEME, 115 APTOSANTA TEREZA22040010RIO DE JANEIRO RJUNIAO UMB DOS CULTOS AFRO BRAS    30081810 000009
10231987175000168916200163100    000020967                    000209670000000000000109                     I0120967     30071800000000035003410000017N100518104700000000000103007180000000000000000000000000000000000000000100055041388768GERALDO JOSE DE OLIVEIRA                RUA CARDEAL DOM SEBASTIAO LEME, 115 APTOSANTA TEREZA22040010RIO DE JANEIRO RJUNIAO UMB DOS CULTOS AFRO BRAS    30071810 000010
10231987175000168916200163100    000020966                    000209660000000000000109                     I0120966     30061800000000035003410000017N100518104700000000000103006180000000000000000000000000000000000000000100055041388768GERALDO JOSE DE OLIVEIRA                RUA CARDEAL DOM SEBASTIAO LEME, 115 APTOSANTA TEREZA22040010RIO DE JANEIRO RJUNIAO UMB DOS CULTOS AFRO BRAS    30061810 000011
10231987175000168916200163100    000020965                    000209650000000000000109                     I0220965     30081800000000035003410000017N100518104700000000000103008180000000000000000000000000000000000000000100040883612704JOAO ROBERTO ROJA SIMOES                RUA QUITO, 384                          PENHA - RIO 21020330RIO DE JANEIRO RJUNIAO UMB DOS CULTOS AFRO BRAS    30081810 000012
10231987175000168916200163100    000020964                    000209640000000000000109                     I0220964     30071800000000035003410000017N100518104700000000000103007180000000000000000000000000000000000000000100040883612704JOAO ROBERTO ROJA SIMOES                RUA QUITO, 384                          PENHA - RIO 21020330RIO DE JANEIRO RJUNIAO UMB DOS CULTOS AFRO BRAS    30071810 000013
10231987175000168916200163100    000020963                    000209630000000000000109                     I0220963     30061800000000035003410000017N100518104700000000000103006180000000000000000000000000000000000000000100040883612704JOAO ROBERTO ROJA SIMOES                RUA QUITO, 384                          PENHA - RIO 21020330RIO DE JANEIRO RJUNIAO UMB DOS CULTOS AFRO BRAS    30061810 000014
10231987175000168916200163100    000020962                    000209620000000000000109                     I0220962     30081800000000035003410000017N100518104700000000000103008180000000000000000000000000000000000000000100000920173713JORGE DOS SANTOS LUCAS                  RUA PP, LOTE 5 QUADRA 48                JARDIM ANHAN25264360DUQUE DE CAXIASRJUNIAO UMB DOS CULTOS AFRO BRAS    30081810 000015
10231987175000168916200163100    000020961                    000209610000000000000109                     I0220961     30061800000000035003410000017N100518104700000000000103006180000000000000000000000000000000000000000100000920173713JORGE DOS SANTOS LUCAS                  RUA PP, LOTE 5 QUADRA 48                JARDIM ANHAN25264360DUQUE DE CAXIASRJUNIAO UMB DOS CULTOS AFRO BRAS    30061810 000016
10231987175000168916200163100    000020960                    000209600000000000000109                     I0220960     30061800000000035003410000017N100518104700000000000103006180000000000000000000000000000000000000000100000920173713JORGE DOS SANTOS LUCAS                  RUA PP, LOTE 5 QUADRA 48                JARDIM ANHAN25264360DUQUE DE CAXIASRJUNIAO UMB DOS CULTOS AFRO BRAS    30061810 000017
10231987175000168916200163100    000020959                    000209590000000000000109                     I0120959     30081800000000035003410000017N100518104700000000000103008180000000000000000000000000000000000000000100030779723791JAMILTON BISPO DOS SANTOS               ESTRADA DOS PALMARES, 2015 PROJETADA C LMORADA VERDE23575270RIO DE JANEIRO RJUNIAO UMB DOS CULTOS AFRO BRAS    30081810 000018
10231987175000168916200163100    000020958                    000209580000000000000109                     I0120958     30071800000000035003410000017N100518104700000000000103007180000000000000000000000000000000000000000100030779723791JAMILTON BISPO DOS SANTOS               ESTRADA DOS PALMARES, 2015 PROJETADA C LMORADA VERDE23575270RIO DE JANEIRO RJUNIAO UMB DOS CULTOS AFRO BRAS    30071810 000019
10231987175000168916200163100    000020957                    000209570000000000000109                     I0120957     30061800000000035003410000017N100518104700000000000103006180000000000000000000000000000000000000000100030779723791JAMILTON BISPO DOS SANTOS               ESTRADA DOS PALMARES, 2015 PROJETADA C LMORADA VERDE23575270RIO DE JANEIRO RJUNIAO UMB DOS CULTOS AFRO BRAS    30061810 000020
10231987175000168916200163100    000020956                    000209560000000000000109                     I0120956     30081800000000035003410000017N100518104700000000000103008180000000000000000000000000000000000000000100009834155794NELY MARIA RODRIGUES DANTAS             RUA DA CONCEICAO, 70                    VARGEM ALEGR27155000BARRA DO PIRAI RJUNIAO UMB DOS CULTOS AFRO BRAS    30081810 000021
10231987175000168916200163100    000020955                    000209550000000000000109                     I0120955     30071800000000035003410000017N100518104700000000000103007180000000000000000000000000000000000000000100009834155794NELY MARIA RODRIGUES DANTAS             RUA DA CONCEICAO, 70                    VARGEM ALEGR27155000BARRA DO PIRAI RJUNIAO UMB DOS CULTOS AFRO BRAS    30071810 000022
10231987175000168916200163100    000020954                    000209540000000000000109                     I0120954     30061800000000035003410000017N100518104700000000000103006180000000000000000000000000000000000000000100009834155794NELY MARIA RODRIGUES DANTAS             RUA DA CONCEICAO, 70                    VARGEM ALEGR27155000BARRA DO PIRAI RJUNIAO UMB DOS CULTOS AFRO BRAS    30061810 000023
10231987175000168916200163100    000020953                    000209530000000000000109                     I0120953     30081800000000035003410000017N100518104700000000000103008180000000000000000000000000000000000000000100010520857763MARCELO ANTONIO PIMENTA                 RUA ITUMIRIM, 25                        GUARATIBA - 23033270RIO DE JANEIRO RJUNIAO UMB DOS CULTOS AFRO BRAS    30081810 000024
10231987175000168916200163100    000020952                    000209520000000000000109                     I0120952     30071800000000035003410000017N100518104700000000000103007180000000000000000000000000000000000000000100010520857763MARCELO ANTONIO PIMENTA                 RUA ITUMIRIM, 25                        GUARATIBA - 23033270RIO DE JANEIRO RJUNIAO UMB DOS CULTOS AFRO BRAS    30071810 000025
10231987175000168916200163100    000020951                    000209510000000000000109                     I0120951     30061800000000035003410000017N100518104700000000000103006180000000000000000000000000000000000000000100010520857763MARCELO ANTONIO PIMENTA                 RUA ITUMIRIM, 25                        GUARATIBA - 23033270RIO DE JANEIRO RJUNIAO UMB DOS CULTOS AFRO BRAS    30061810 000026
10231987175000168916200163100    000020950                    000209500000000000000109                     I0120950     30081800000000035003410000017N100518104700000000000103008180000000000000000000000000000000000000000100008326943711ANGELO ABREU MARTINS                    RUA D, LOTE 9 QUADRA 22                 MONTE VERDE 24857564ITABORAI       RJUNIAO UMB DOS CULTOS AFRO BRAS    30081810 000027
10231987175000168916200163100    000020949                    000209490000000000000109                     I0220949     30071800000000035003410000017N100518104700000000000103007180000000000000000000000000000000000000000100008326943711ANGELO ABREU MARTINS                    RUA D, LOTE 9 QUADRA 22                 MONTE VERDE 24857564ITABORAI       RJUNIAO UMB DOS CULTOS AFRO BRAS    30071810 000028
10231987175000168916200163100    000020948                    000209480000000000000109                     I0120948     30071800000000035003410000017N100518104700000000000103007180000000000000000000000000000000000000000100008326943711ANGELO ABREU MARTINS                    RUA D, LOTE 9 QUADRA 22                 MONTE VERDE 24857564ITABORAI       RJUNIAO UMB DOS CULTOS AFRO BRAS    30071810 000029
10231987175000168916200163100    000020947                    000209470000000000000109                     I0120947     30061800000000035003410000017N100518104700000000000103006180000000000000000000000000000000000000000100008326943711ANGELO ABREU MARTINS                    RUA D, LOTE 9 QUADRA 22                 MONTE VERDE 24857564ITABORAI       RJUNIAO UMB DOS CULTOS AFRO BRAS    30061810 000030
10231987175000168916200163100    000020946                    000209460000000000000109                     I0120946     30081800000000035003410000017N100518104700000000000103008180000000000000000000000000000000000000000100075871505791CARLOS MAGNO DOS SANTOS COUTO           AVENIDA DOM HELDER CAMARA, 2586 FUNDOS  MARIA DA GRA21050452RIO DE JANEIRO RJUNIAO UMB DOS CULTOS AFRO BRAS    30081810 000031
10231987175000168916200163100    000020945                    000209450000000000000109                     I0120945     30071800000000035003410000017N100518104700000000000103007180000000000000000000000000000000000000000100075871505791CARLOS MAGNO DOS SANTOS COUTO           AVENIDA DOM HELDER CAMARA, 2586 FUNDOS  MARIA DA GRA21050452RIO DE JANEIRO RJUNIAO UMB DOS CULTOS AFRO BRAS    30071810 000032
10231987175000168916200163100    000020944                    000209440000000000000109                     I0120944     30061800000000035003410000017N100518104700000000000103006180000000000000000000000000000000000000000100075871505791CARLOS MAGNO DOS SANTOS COUTO           AVENIDA DOM HELDER CAMARA, 2586 FUNDOS  MARIA DA GRA21050452RIO DE JANEIRO RJUNIAO UMB DOS CULTOS AFRO BRAS    30061810 000033
10231987175000168916200163100    000020943                    000209430000000000000109                     I0120943     30081800000000035003410000017N100518104700000000000103008180000000000000000000000000000000000000000100002066794759MARCELO VIEIRA DA SILVA                 RUA SIMAS N 7 FUNDOS                    ENCANTADO - 20745030RIO DE JANEIRO RJUNIAO UMB DOS CULTOS AFRO BRAS    30081810 000034
10231987175000168916200163100    000020942                    000209420000000000000109                     I0120942     30071800000000035003410000017N100518104700000000000103007180000000000000000000000000000000000000000100002066794759MARCELO VIEIRA DA SILVA                 RUA SIMAS N 7 FUNDOS                    ENCANTADO - 20745030RIO DE JANEIRO RJUNIAO UMB DOS CULTOS AFRO BRAS    30071810 000035
10231987175000168916200163100    000020941                    000209410000000000000109                     I0120941     30081800000000035003410000017N100518104700000000000103008180000000000000000000000000000000000000000100050945653115KLEIDE LEMOS MENDONCA                   RUA COSTA FILHO                         133         21610570RIO DE JANEIRO RJUNIAO UMB DOS CULTOS AFRO BRAS    30081810 000036
10231987175000168916200163100    000020940                    000209400000000000000109                     I0120940     30071800000000035003410000017N100518104700000000000103007180000000000000000000000000000000000000000100050945653115KLEIDE LEMOS MENDONCA                   RUA COSTA FILHO                         133         21610570RIO DE JANEIRO RJUNIAO UMB DOS CULTOS AFRO BRAS    30071810 000037
10231987175000168916200163100    000020939                    000209390000000000000109                     I0120939     30061800000000035003410000017N100518104700000000000103006180000000000000000000000000000000000000000100050945653115KLEIDE LEMOS MENDONCA                   RUA COSTA FILHO                         133         21610570RIO DE JANEIRO RJUNIAO UMB DOS CULTOS AFRO BRAS    30061810 000038
10231987175000168916200163100    000020938                    000209380000000000000109                     I0120938     30081800000000035003410000017N100518104700000000000103008180000000000000000000000000000000000000000200000000001238MARCOS AURELIO WOLF GARCIA              RUA: PROFESSORA CARMELITA MARTINS Nº 21PRACA SECA -21321220RIO DE JANEIRO RJUNIAO UMB DOS CULTOS AFRO BRAS    30081810 000039
10231987175000168916200163100    000020937                    000209370000000000000109                     I0120937     30071800000000035003410000017N100518104700000000000103007180000000000000000000000000000000000000000200000000001238MARCOS AURELIO WOLF GARCIA              RUA: PROFESSORA CARMELITA MARTINS Nº 21PRACA SECA -21321220RIO DE JANEIRO RJUNIAO UMB DOS CULTOS AFRO BRAS    30071810 000040
10231987175000168916200163100    000020936                    000209360000000000000109                     I0220936     30061800000000035003410000017N100518104700000000000103006180000000000000000000000000000000000000000200000000001238MARCOS AURELIO WOLF GARCIA              RUA: PROFESSORA CARMELITA MARTINS Nº 21PRACA SECA -21321220RIO DE JANEIRO RJUNIAO UMB DOS CULTOS AFRO BRAS    30061810 000041
10231987175000168916200163100    000020935                    000209350000000000000109                     I0120935     30061800000000035003410000017N100518104700000000000103006180000000000000000000000000000000000000000200000000001238MARCOS AURELIO WOLF GARCIA              RUA: PROFESSORA CARMELITA MARTINS Nº 21PRACA SECA -21321220RIO DE JANEIRO RJUNIAO UMB DOS CULTOS AFRO BRAS    30061810 000042
10231987175000168916200163100    000020934                    000209340000000000000109                     I0120934     30081800000000035003410000017N100518104700000000000103008180000000000000000000000000000000000000000100086990810734ROGY CARLOS OLIVEIRA MELLO              RUA: BORDA DO MATO Nº 433              GRAJAU - RIO20561200RIO DE JANEIRO RJUNIAO UMB DOS CULTOS AFRO BRAS    30081810 000043
10231987175000168916200163100    000020933                    000209330000000000000109                     I0120933     30071800000000035003410000017N100518104700000000000103007180000000000000000000000000000000000000000100086990810734ROGY CARLOS OLIVEIRA MELLO              RUA: BORDA DO MATO Nº 433              GRAJAU - RIO20561200RIO DE JANEIRO RJUNIAO UMB DOS CULTOS AFRO BRAS    30071810 000044
10231987175000168916200163100    000020932                    000209320000000000000109                     I0120932     30061800000000035003410000017N100518104700000000000103006180000000000000000000000000000000000000000100086990810734ROGY CARLOS OLIVEIRA MELLO              RUA: BORDA DO MATO Nº 433              GRAJAU - RIO20561200RIO DE JANEIRO RJUNIAO UMB DOS CULTOS AFRO BRAS    30061810 000045
10231987175000168916200163100    000020931                    000209310000000000000109                     I0120931     30081800000000040003410000017N100518104700000000000103008180000000000000000000000000000000000000000100019685726787ADELMIR HAMELIN SODRE                   RUA JOAQUIM DE SOUSA, 311 FUNDOS        ROCHA MIRAND21540370RIO DE JANEIRO RJUNIAO UMB DOS CULTOS AFRO BRAS    30081810 000046
10231987175000168916200163100    000020930                    000209300000000000000109                     I0120930     30071800000000040003410000017N100518104700000000000103007180000000000000000000000000000000000000000100019685726787ADELMIR HAMELIN SODRE                   RUA JOAQUIM DE SOUSA, 311 FUNDOS        ROCHA MIRAND21540370RIO DE JANEIRO RJUNIAO UMB DOS CULTOS AFRO BRAS    30071810 000047
10231987175000168916200163100    000020929                    000209290000000000000109                     I0120929     30081800000000035003410000017N100518104700000000000103008180000000000000000000000000000000000000000200000000001673DAVID MOREIRA DE MENDONCA               RUA GENERAL RENATO PIQUET, LOTE 27 QUADRVILA GENI - 23825460ITAGUAI        RJUNIAO UMB DOS CULTOS AFRO BRAS    30081810 000048
10231987175000168916200163100    000020928                    000209280000000000000109                     I0120928     30071800000000035003410000017N100518104700000000000103007180000000000000000000000000000000000000000200000000001673DAVID MOREIRA DE MENDONCA               RUA GENERAL RENATO PIQUET, LOTE 27 QUADRVILA GENI - 23825460ITAGUAI        RJUNIAO UMB DOS CULTOS AFRO BRAS    30071810 000049
10231987175000168916200163100    000020927                    000209270000000000000109                     I0120927     30061800000000035003410000017N100518104700000000000103006180000000000000000000000000000000000000000200000000001673DAVID MOREIRA DE MENDONCA               RUA GENERAL RENATO PIQUET, LOTE 27 QUADRVILA GENI - 23825460ITAGUAI        RJUNIAO UMB DOS CULTOS AFRO BRAS    30061810 000050
10231987175000168916200163100    000020926                    000209260000000000000109                     I0120926     30081800000000035003410000017N100518104700000000000103008180000000000000000000000000000000000000000200000000002142JORGE PAIXAO MESQUITA ROSA              RUA CORONEL TAMARINDO, 2810             BANGU - RJ  21840447RIO DE JANEIRO RJUNIAO UMB DOS CULTOS AFRO BRAS    30081810 000051
10231987175000168916200163100    000020925                    000209250000000000000109                     I0120925     30061800000000035003410000017N100518104700000000000103006180000000000000000000000000000000000000000200000000002142JORGE PAIXAO MESQUITA ROSA              RUA CORONEL TAMARINDO, 2810             BANGU - RJ  21840447RIO DE JANEIRO RJUNIAO UMB DOS CULTOS AFRO BRAS    30061810 000052
10231987175000168916200163100    000020924                    000209240000000000000109                     I0120924     30071800000000035003410000017N100518104700000000000103007180000000000000000000000000000000000000000200000000002142JORGE PAIXAO MESQUITA ROSA              RUA CORONEL TAMARINDO, 2810             BANGU - RJ  21840447RIO DE JANEIRO RJUNIAO UMB DOS CULTOS AFRO BRAS    30071810 000053
10231987175000168916200163100    000020923                    000209230000000000000109                     I0120923     30081800000000035003410000017N100518104700000000000103008180000000000000000000000000000000000000000100063533758753SONIA MARIA MEIRA DE SOUZA              ESTRADA DE PACIENCIA, 120 (ASSOCIACAO)  PACIENCIA - 23060372RIO DE JANEIRO RJUNIAO UMB DOS CULTOS AFRO BRAS    30081810 000054
10231987175000168916200163100    000020922                    000209220000000000000109                     I0120922     30071800000000035003410000017N100518104700000000000103007180000000000000000000000000000000000000000100063533758753SONIA MARIA MEIRA DE SOUZA              ESTRADA DE PACIENCIA, 120 (ASSOCIACAO)  PACIENCIA - 23060372RIO DE JANEIRO RJUNIAO UMB DOS CULTOS AFRO BRAS    30071810 000055
10231987175000168916200163100    000020921                    000209210000000000000109                     I0220921     30061800000000035003410000017N100518104700000000000103006180000000000000000000000000000000000000000100063533758753SONIA MARIA MEIRA DE SOUZA              ESTRADA DE PACIENCIA, 120 (ASSOCIACAO)  PACIENCIA - 23060372RIO DE JANEIRO RJUNIAO UMB DOS CULTOS AFRO BRAS    30061810 000056
10231987175000168916200163100    000020920                    000209200000000000000109                     I0120920     30081800000000035003410000017N100518104700000000000103008180000000000000000000000000000000000000000100003032482704ADELAIDE ALVES DE OLIVEIRA MIR          RUA CORDEIRO N 36                       VILAR DOS TE21556106RIO DE JANEIRO RJUNIAO UMB DOS CULTOS AFRO BRAS    30081810 000057
10231987175000168916200163100    000020919                    000209190000000000000109                     I0120919     30071800000000035003410000017N100518104700000000000103007180000000000000000000000000000000000000000100003032482704ADELAIDE ALVES DE OLIVEIRA MIR          RUA CORDEIRO N 36                       VILAR DOS TE21556106RIO DE JANEIRO RJUNIAO UMB DOS CULTOS AFRO BRAS    30071810 000058
10231987175000168916200163100    000020918                    000209180000000000000109                     I0120918     30061800000000035003410000017N100518104700000000000103006180000000000000000000000000000000000000000100003032482704ADELAIDE ALVES DE OLIVEIRA MIR          RUA CORDEIRO N 36                       VILAR DOS TE21556106RIO DE JANEIRO RJUNIAO UMB DOS CULTOS AFRO BRAS    30061810 000059
10231987175000168916200163100    000020917                    000209170000000000000109                     I0120917     30081800000000035003410000017N100518104700000000000103008180000000000000000000000000000000000000000100003408195706MONICA VALERIA COSTA BARAUNA            AVENDIA: CARNAUBEIRA Nº 415 - GUARATIBARIO DE JANEI23032080RIO DE JANEIRO RJUNIAO UMB DOS CULTOS AFRO BRAS    30081810 000060
10231987175000168916200163100    000020916                    000209160000000000000109                     I0120916     30071800000000035003410000017N100518104700000000000103007180000000000000000000000000000000000000000100003408195706MONICA VALERIA COSTA BARAUNA            AVENDIA: CARNAUBEIRA Nº 415 - GUARATIBARIO DE JANEI23032080RIO DE JANEIRO RJUNIAO UMB DOS CULTOS AFRO BRAS    30071810 000061
10231987175000168916200163100    000020915                    000209150000000000000109                     I0120915     30061800000000035003410000017N100518104700000000000103006180000000000000000000000000000000000000000100003408195706MONICA VALERIA COSTA BARAUNA            AVENDIA: CARNAUBEIRA Nº 415 - GUARATIBARIO DE JANEI23032080RIO DE JANEIRO RJUNIAO UMB DOS CULTOS AFRO BRAS    30061810 000062
10231987175000168916200163100    000020914                    000209140000000000000109                     I0120914     30081800000000040003410000017N100518104700000000000103008180000000000000000000000000000000000000000100004253313792VIVIANE ALVES DO ROSARIO                RUA: MANHUACU Nº 692 LOTE 6A E 2A      VARGEM GRAND22790704RIO DE JANEIRO RJUNIAO UMB DOS CULTOS AFRO BRAS    30081810 000063
10231987175000168916200163100    000020913                    000209130000000000000109                     I0120913     30071800000000040003410000017N100518104700000000000103007180000000000000000000000000000000000000000100004253313792VIVIANE ALVES DO ROSARIO                RUA: MANHUACU Nº 692 LOTE 6A E 2A      VARGEM GRAND22790704RIO DE JANEIRO RJUNIAO UMB DOS CULTOS AFRO BRAS    30071810 000064
10231987175000168916200163100    000020912                    000209120000000000000109                     I0120912     30081800000000035003410000017N100518104700000000000103008180000000000000000000000000000000000000000200000000005907MARIA SILVIA DOS SANTOS LADEIR          RUA ACADEMICOS, CASA 173                PIRATININGA 24350400NITEROI        RJUNIAO UMB DOS CULTOS AFRO BRAS    30081810 000065
10231987175000168916200163100    000020911                    000209110000000000000109                     I0120911     30071800000000035003410000017N100518104700000000000103007180000000000000000000000000000000000000000200000000005907MARIA SILVIA DOS SANTOS LADEIR          RUA ACADEMICOS, CASA 173                PIRATININGA 24350400NITEROI        RJUNIAO UMB DOS CULTOS AFRO BRAS    30071810 000066
10231987175000168916200163100    000020910                    000209100000000000000109                     I0120910     30061800000000035003410000017N100518104700000000000103006180000000000000000000000000000000000000000200000000005907MARIA SILVIA DOS SANTOS LADEIR          RUA ACADEMICOS, CASA 173                PIRATININGA 24350400NITEROI        RJUNIAO UMB DOS CULTOS AFRO BRAS    30061810 000067
10231987175000168916200163100    000020909                    000209090000000000000109                     I0120909     30081800000000035003410000017N100518104700000000000103008180000000000000000000000000000000000000000100061185841768ELIZABETH CATARINA DE JESUS             RUA ALMIRANTE INGRA, 700                BRAS DE PINA21210170RIO DE JANEIRO RJUNIAO UMB DOS CULTOS AFRO BRAS    30081810 000068
10231987175000168916200163100    000020908                    000209080000000000000109                     I0120908     30071800000000035003410000017N100518104700000000000103007180000000000000000000000000000000000000000100061185841768ELIZABETH CATARINA DE JESUS             RUA ALMIRANTE INGRA, 700                BRAS DE PINA21210170RIO DE JANEIRO RJUNIAO UMB DOS CULTOS AFRO BRAS    30071810 000069
10231987175000168916200163100    000020907                    000209070000000000000109                     I0120907     30061800000000035003410000017N100518104700000000000103006180000000000000000000000000000000000000000100061185841768ELIZABETH CATARINA DE JESUS             RUA ALMIRANTE INGRA, 700                BRAS DE PINA21210170RIO DE JANEIRO RJUNIAO UMB DOS CULTOS AFRO BRAS    30061810 000070
10231987175000168916200163100    000020906                    000209060000000000000109                     I0120906     30081800000000035003410000017N100518104700000000000103008180000000000000000000000000000000000000000200000000006863HILDA REGINA NICANOR DOS SANTO          O MESMO                                 O MESMO     26298189NOVA IGUACU    RJUNIAO UMB DOS CULTOS AFRO BRAS    30081810 000071
10231987175000168916200163100    000020905                    000209050000000000000109                     I0120905     30071800000000035003410000017N100518104700000000000103007180000000000000000000000000000000000000000200000000006863HILDA REGINA NICANOR DOS SANTO          O MESMO                                 O MESMO     26298189NOVA IGUACU    RJUNIAO UMB DOS CULTOS AFRO BRAS    30071810 000072
10231987175000168916200163100    000020904                    000209040000000000000109                     I0120904     30061800000000035003410000017N100518104700000000000103006180000000000000000000000000000000000000000200000000006863HILDA REGINA NICANOR DOS SANTO          O MESMO                                 O MESMO     26298189NOVA IGUACU    RJUNIAO UMB DOS CULTOS AFRO BRAS    30061810 000073
10231987175000168916200163100    000020903                    000209030000000000000109                     I0120903     20061800000000300003410000017N100518104700000000000102006180000000000000000000000000000000000000000200000000007042CARLINDA ELIANE NUNES                   O MESMO                                 O MESMO     25015540DUQUE DE CAXIASRJUNIAO UMB DOS CULTOS AFRO BRAS    20061810 000074
10231987175000168916200163100    000020902                    000209020000000000000109                     I0120902     30081800000000035003410000017N100518104700000000000103008180000000000000000000000000000000000000000100059941294704LUZIA LYGIA DO NASCIMENTO CAMA          RUA ONZE 112 CASA 1 QUADRA 57 - NOVA CAMSTA CRUZ DA 25250000DUQUE DE CAXIASRJUNIAO UMB DOS CULTOS AFRO BRAS    30081810 000075
10231987175000168916200163100    000020901                    000209010000000000000109                     I0120901     30071800000000035003410000017N100518104700000000000103007180000000000000000000000000000000000000000100059941294704LUZIA LYGIA DO NASCIMENTO CAMA          RUA ONZE 112 CASA 1 QUADRA 57 - NOVA CAMSTA CRUZ DA 25250000DUQUE DE CAXIASRJUNIAO UMB DOS CULTOS AFRO BRAS    30071810 000076
10231987175000168916200163100    000020900                    000209000000000000000109                     I0120900     30081800000000035003410000017N100518104700000000000103008180000000000000000000000000000000000000000100005963954770SANDRA MARIA DA SILVA SANTOS            RUA JOAO RAIMUNDO N 171                 VILA SANTO A25041400DUQUE DE CAXIASRJUNIAO UMB DOS CULTOS AFRO BRAS    30081810 000077
10231987175000168916200163100    000020899                    000208990000000000000109                     I0120899     30071800000000035003410000017N100518104700000000000103007180000000000000000000000000000000000000000100005963954770SANDRA MARIA DA SILVA SANTOS            RUA JOAO RAIMUNDO N 171                 VILA SANTO A25041400DUQUE DE CAXIASRJUNIAO UMB DOS CULTOS AFRO BRAS    30071810 000078
10231987175000168916200163100    000020898                    000208980000000000000109                     I0120898     30061800000000035003410000017N100518104700000000000103006180000000000000000000000000000000000000000100005963954770SANDRA MARIA DA SILVA SANTOS            RUA JOAO RAIMUNDO N 171                 VILA SANTO A25041400DUQUE DE CAXIASRJUNIAO UMB DOS CULTOS AFRO BRAS    30061810 000079
10231987175000168916200163100    000020897                    000208970000000000000109                     I0120897     30081800000000035003410000017N100518104700000000000103008180000000000000000000000000000000000000000100000339035730RICARDO MARREIROS NETO                  ESTRADA DO MORGADO N 511                VARGEM GRAND22785550RIO DE JANEIRO RJUNIAO UMB DOS CULTOS AFRO BRAS    30081810 000080
10231987175000168916200163100    000020896                    000208960000000000000109                     I0120896     30071800000000035003410000017N100518104700000000000103007180000000000000000000000000000000000000000100000339035730RICARDO MARREIROS NETO                  ESTRADA DO MORGADO N 511                VARGEM GRAND22785550RIO DE JANEIRO RJUNIAO UMB DOS CULTOS AFRO BRAS    30071810 000081
10231987175000168916200163100    000020895                    000208950000000000000109                     I0120895     30061800000000035003410000017N100518104700000000000103006180000000000000000000000000000000000000000100000339035730RICARDO MARREIROS NETO                  ESTRADA DO MORGADO N 511                VARGEM GRAND22785550RIO DE JANEIRO RJUNIAO UMB DOS CULTOS AFRO BRAS    30061810 000082
10231987175000168916200163100    000020894                    000208940000000000000109                     I0120894     30081800000000035003410000017N100518104700000000000103008180000000000000000000000000000000000000000100010878187707LUIZ PAULO DA CRUZ TEIXEIRA             RUA DO CAJUEIRO, TRAVESSA SERVIDAO B CASSEPETIBA - R23530074RIO DE JANEIRO RJUNIAO UMB DOS CULTOS AFRO BRAS    30081810 000083
10231987175000168916200163100    000020893                    000208930000000000000109                     I0120893     30081800000000035003410000017N100518104700000000000103008180000000000000000000000000000000000000000100072520388749REINALDO SILVA DOS SANTOS               RUA: FRANCISCA DE OLIVEIRA Nº 658      ENGENHEIRO B25520170SAO JOAO DE MERRJUNIAO UMB DOS CULTOS AFRO BRAS    30081810 000084
10231987175000168916200163100    000020892                    000208920000000000000109                     I0120892     30071800000000035003410000017N100518104700000000000103007180000000000000000000000000000000000000000100072520388749REINALDO SILVA DOS SANTOS               RUA: FRANCISCA DE OLIVEIRA Nº 658      ENGENHEIRO B25520170SAO JOAO DE MERRJUNIAO UMB DOS CULTOS AFRO BRAS    30071810 000085
10231987175000168916200163100    000020891                    000208910000000000000109                     I0120891     30081800000000035003410000017N100518104700000000000103008180000000000000000000000000000000000000000100002364852706SHIRLEY RODRIGUES NUNES                 RUA DAHONEY LOTE 3 QUADRA 36 - JACAROA  MARICA / RJ 24230370NITEROI        RJUNIAO UMB DOS CULTOS AFRO BRAS    30081810 000086
10231987175000168916200163100    000020890                    000208900000000000000109                     I0120890     30071800000000035003410000017N100518104700000000000103007180000000000000000000000000000000000000000100002364852706SHIRLEY RODRIGUES NUNES                 RUA DAHONEY LOTE 3 QUADRA 36 - JACAROA  MARICA / RJ 24230370NITEROI        RJUNIAO UMB DOS CULTOS AFRO BRAS    30071810 000087
10231987175000168916200163100    000020889                    000208890000000000000109                     I0120889     30081800000000035003410000017N100518104700000000000103008180000000000000000000000000000000000000000100059088230749MARILENE NESTOR CORDEIRO                RUA: ALMEIDA E SOUZA                    RIO DE JANEI21745310RIO DE JANEIRO RJUNIAO UMB DOS CULTOS AFRO BRAS    30081810 000088
10231987175000168916200163100    000020888                    000208880000000000000109                     I0120888     30081800000000035003410000017N100518104700000000000103008180000000000000000000000000000000000000000100054777860787ANA MARIA DE OLIVEIRA COUTO             ESTRADA DA LAGOINHA, LOTE 5 QDA 4       VILA DOS COQ26296306NOVA IGUACU    RJUNIAO UMB DOS CULTOS AFRO BRAS    30081810 000089
10231987175000168916200163100    000020887                    000208870000000000000109                     I0120887     30081800000000035003410000017N100518104700000000000103008180000000000000000000000000000000000000000100074338960744GILBERTO JORGE DA CRUZ ARAUJO           RUA SAO FRANCISCO XAVIER, 39 APTO 703   TIJUCA - RIO20550010RIO DE JANEIRO RJUNIAO UMB DOS CULTOS AFRO BRAS    30081810 000090
10231987175000168916200163100    000020886                    000208860000000000000109                     I0120886     30071800000000035003410000017N100518104700000000000103007180000000000000000000000000000000000000000100074338960744GILBERTO JORGE DA CRUZ ARAUJO           RUA SAO FRANCISCO XAVIER, 39 APTO 703   TIJUCA - RIO20550010RIO DE JANEIRO RJUNIAO UMB DOS CULTOS AFRO BRAS    30071810 000091
10231987175000168916200163100    000020885                    000208850000000000000109                     I0120885     30061800000000035003410000017N100518104700000000000103006180000000000000000000000000000000000000000100074338960744GILBERTO JORGE DA CRUZ ARAUJO           RUA SAO FRANCISCO XAVIER, 39 APTO 703   TIJUCA - RIO20550010RIO DE JANEIRO RJUNIAO UMB DOS CULTOS AFRO BRAS    30061810 000092
10231987175000168916200163100    000020884                    000208840000000000000109                     I0120884     30071800000000035003410000017N100518104700000000000103007180000000000000000000000000000000000000000100023544120704ELIAS DA SILVA FILHO                    TRAVESSA SANTA RITA, 518                ROCHA - SAO 24420450SAO GONCALO    RJUNIAO UMB DOS CULTOS AFRO BRAS    30071810 000093
10231987175000168916200163100    000020883                    000208830000000000000109                     I0120883     30071800000000035003410000017N100518104700000000000103007180000000000000000000000000000000000000000100023544120704ELIAS DA SILVA FILHO                    TRAVESSA SANTA RITA, 518                ROCHA - SAO 24420450SAO GONCALO    RJUNIAO UMB DOS CULTOS AFRO BRAS    30071810 000094
10231987175000168916200163100    000020882                    000208820000000000000109                     I0220882     30061800000000035003410000017N100518104700000000000103006180000000000000000000000000000000000000000100023544120704ELIAS DA SILVA FILHO                    TRAVESSA SANTA RITA, 518                ROCHA - SAO 24420450SAO GONCALO    RJUNIAO UMB DOS CULTOS AFRO BRAS    30061810 000095
10231987175000168916200163100    000020881                    000208810000000000000109                     I0120881     30071800000000035003410000017N100518104700000000000103007180000000000000000000000000000000000000000100004273880741SOLANGE VICTORIO DE CARVALHO            RUA SAPEZAL, 135                        CINCO MARIAS23032610GUARATIBA      RJUNIAO UMB DOS CULTOS AFRO BRAS    30071810 000096
10231987175000168916200163100    000020880                    000208800000000000000109                     I0220880     30071800000000035003410000017N100518104700000000000103007180000000000000000000000000000000000000000100004273880741SOLANGE VICTORIO DE CARVALHO            RUA SAPEZAL, 135                        CINCO MARIAS23032610GUARATIBA      RJUNIAO UMB DOS CULTOS AFRO BRAS    30071810 000097
10231987175000168916200163100    000020879                    000208790000000000000109                     I0220879     30061800000000035003410000017N100518104700000000000103006180000000000000000000000000000000000000000100004273880741SOLANGE VICTORIO DE CARVALHO            RUA SAPEZAL, 135                        CINCO MARIAS23032610GUARATIBA      RJUNIAO UMB DOS CULTOS AFRO BRAS    30061810 000098
10231987175000168916200163100    000020878                    000208780000000000000109                     I0120878     30081800000000035003410000017N100518104700000000000103008180000000000000000000000000000000000000000100050576046787CELINA CANDIDO LOURENCO                 RUA MARCOLINO, 15 A                     PIEDADE - RI20751120RIO DE JANEIRO RJUNIAO UMB DOS CULTOS AFRO BRAS    30081810 000099
10231987175000168916200163100    000020877                    000208770000000000000109                     I0120877     30071800000000035003410000017N100518104700000000000103007180000000000000000000000000000000000000000100050576046787CELINA CANDIDO LOURENCO                 RUA MARCOLINO, 15 A                     PIEDADE - RI20751120RIO DE JANEIRO RJUNIAO UMB DOS CULTOS AFRO BRAS    30071810 000100
10231987175000168916200163100    000020876                    000208760000000000000109                     I0120876     30061800000000035003410000017N100518104700000000000103006180000000000000000000000000000000000000000100050576046787CELINA CANDIDO LOURENCO                 RUA MARCOLINO, 15 A                     PIEDADE - RI20751120RIO DE JANEIRO RJUNIAO UMB DOS CULTOS AFRO BRAS    30061810 000101
10231987175000168916200163100    000020875                    000208750000000000000109                     I0120875     30081800000000035003410000017N100518104700000000000103008180000000000000000000000000000000000000000100084908157715RAQUEL TAVARES FERREIRA DA SIL          RUA CATULO CEARENSE, 204                VILA GENI - 23825290RIO DE JANEIRO RJUNIAO UMB DOS CULTOS AFRO BRAS    30081810 000102
10231987175000168916200163100    000020874                    000208740000000000000109                     I0120874     30071800000000035003410000017N100518104700000000000103007180000000000000000000000000000000000000000100084908157715RAQUEL TAVARES FERREIRA DA SIL          RUA CATULO CEARENSE, 204                VILA GENI - 23825290RIO DE JANEIRO RJUNIAO UMB DOS CULTOS AFRO BRAS    30071810 000103
10231987175000168916200163100    000020873                    000208730000000000000109                     I0120873     30061800000000035003410000017N100518104700000000000103006180000000000000000000000000000000000000000100084908157715RAQUEL TAVARES FERREIRA DA SIL          RUA CATULO CEARENSE, 204                VILA GENI - 23825290RIO DE JANEIRO RJUNIAO UMB DOS CULTOS AFRO BRAS    30061810 000104
10231987175000168916200163100    000020872                    000208720000000000000109                     I0120872     30081800000000035003410000017N100518104700000000000103008180000000000000000000000000000000000000000100069725209753YRACE MOEMA GRAULT SCHNOOR              RUA ATILIO PIFIER                       SEPETIBA - R23535010RIO DE JANEIRO RJUNIAO UMB DOS CULTOS AFRO BRAS    30081810 000105
10231987175000168916200163100    000020871                    000208710000000000000109                     I0220871     30071800000000035003410000017N100518104700000000000103007180000000000000000000000000000000000000000100069725209753YRACE MOEMA GRAULT SCHNOOR              RUA ATILIO PIFIER                       SEPETIBA - R23535010RIO DE JANEIRO RJUNIAO UMB DOS CULTOS AFRO BRAS    30071810 000106
10231987175000168916200163100    000020870                    000208700000000000000109                     I0220870     30061800000000035003410000017N100518104700000000000103006180000000000000000000000000000000000000000100069725209753YRACE MOEMA GRAULT SCHNOOR              RUA ATILIO PIFIER                       SEPETIBA - R23535010RIO DE JANEIRO RJUNIAO UMB DOS CULTOS AFRO BRAS    30061810 000107
10231987175000168916200163100    000020869                    000208690000000000000109                     I0120869     30081800000000035003410000017N100518104700000000000103008180000000000000000000000000000000000000000100006225968881SIDNEI LUIZ PARREIRA                    RUA NINA RIBEIRO, 560                   PAVUNA - RJ 21520290RIO DE JANEIRO RJUNIAO UMB DOS CULTOS AFRO BRAS    30081810 000108
10231987175000168916200163100    000020868                    000208680000000000000109                     I0220868     30071800000000035003410000017N100518104700000000000103007180000000000000000000000000000000000000000100006225968881SIDNEI LUIZ PARREIRA                    RUA NINA RIBEIRO, 560                   PAVUNA - RJ 21520290RIO DE JANEIRO RJUNIAO UMB DOS CULTOS AFRO BRAS    30071810 000109
10231987175000168916200163100    000020867                    000208670000000000000109                     I0120867     30071800000000035003410000017N100518104700000000000103007180000000000000000000000000000000000000000100006225968881SIDNEI LUIZ PARREIRA                    RUA NINA RIBEIRO, 560                   PAVUNA - RJ 21520290RIO DE JANEIRO RJUNIAO UMB DOS CULTOS AFRO BRAS    30071810 000110
10231987175000168916200163100    000020866                    000208660000000000000109                     I0120866     30061800000000035003410000017N100518104700000000000103006180000000000000000000000000000000000000000100006225968881SIDNEI LUIZ PARREIRA                    RUA NINA RIBEIRO, 560                   PAVUNA - RJ 21520290RIO DE JANEIRO RJUNIAO UMB DOS CULTOS AFRO BRAS    30061810 000111
10231987175000168916200163100    000020865                    000208650000000000000109                     I0120865     30081800000000035003410000017N100518104700000000000103008180000000000000000000000000000000000000000100007852297790IRENE FRANCISCO LIMA                    RUA: VIRGILIO VARZEA                    VILA SAO LUI25051110DUQUE DE CAXIASRJUNIAO UMB DOS CULTOS AFRO BRAS    30081810 000112
10231987175000168916200163100    000020864                    000208640000000000000109                     I0120864     30071800000000035003410000017N100518104700000000000103007180000000000000000000000000000000000000000100007852297790IRENE FRANCISCO LIMA                    RUA: VIRGILIO VARZEA                    VILA SAO LUI25051110DUQUE DE CAXIASRJUNIAO UMB DOS CULTOS AFRO BRAS    30071810 000113
10231987175000168916200163100    000020863                    000208630000000000000109                     I0120863     30061800000000035003410000017N100518104700000000000103006180000000000000000000000000000000000000000100007852297790IRENE FRANCISCO LIMA                    RUA: VIRGILIO VARZEA                    VILA SAO LUI25051110DUQUE DE CAXIASRJUNIAO UMB DOS CULTOS AFRO BRAS    30061810 000114
10231987175000168916200163100    000020862                    000208620000000000000109                     I0120862     30081800000000035003410000017N100518104700000000000103008180000000000000000000000000000000000000000100064947130768MARIA GORETE DE SOUSA MIRANDA           AVENIDA PASTEUR N 113 A                 PARQUE ALIAN25550210SAO JOAO DE MERRJUNIAO UMB DOS CULTOS AFRO BRAS    30081810 000115
10231987175000168916200163100    000020861                    000208610000000000000109                     I0120861     30071800000000035003410000017N100518104700000000000103007180000000000000000000000000000000000000000100064947130768MARIA GORETE DE SOUSA MIRANDA           AVENIDA PASTEUR N 113 A                 PARQUE ALIAN25550210SAO JOAO DE MERRJUNIAO UMB DOS CULTOS AFRO BRAS    30071810 000116
10231987175000168916200163100    000020860                    000208600000000000000109                     I0120860     30061800000000035003410000017N100518104700000000000103006180000000000000000000000000000000000000000100064947130768MARIA GORETE DE SOUSA MIRANDA           AVENIDA PASTEUR N 113 A                 PARQUE ALIAN25550210SAO JOAO DE MERRJUNIAO UMB DOS CULTOS AFRO BRAS    30061810 000117
10231987175000168916200163100    000020859                    000208590000000000000109                     I0120859     30081800000000035003410000017N100518104700000000000103008180000000000000000000000000000000000000000100000085273967JUSSARA BALBINO GENUARIO                RUA DAS MARGARIDAS, 16                  CHAPERO - IT23830240ITAGUAI        RJUNIAO UMB DOS CULTOS AFRO BRAS    30081810 000118
10231987175000168916200163100    000020858                    000208580000000000000109                     I0120858     30071800000000035003410000017N100518104700000000000103007180000000000000000000000000000000000000000100000085273967JUSSARA BALBINO GENUARIO                RUA DAS MARGARIDAS, 16                  CHAPERO - IT23830240ITAGUAI        RJUNIAO UMB DOS CULTOS AFRO BRAS    30071810 000119
10231987175000168916200163100    000020857                    000208570000000000000109                     I0120857     30061800000000035003410000017N100518104700000000000103006180000000000000000000000000000000000000000100000085273967JUSSARA BALBINO GENUARIO                RUA DAS MARGARIDAS, 16                  CHAPERO - IT23830240ITAGUAI        RJUNIAO UMB DOS CULTOS AFRO BRAS    30061810 000120
10231987175000168916200163100    000020856                    000208560000000000000109                     I0120856     05061800000000070003410000017N100518104700000000000100506180000000000000000000000000000000000000000100000085273967JUSSARA BALBINO GENUARIO                RUA DAS MARGARIDAS, 16                  CHAPERO - IT23830240ITAGUAI        RJUNIAO UMB DOS CULTOS AFRO BRAS    05061810 000121
10231987175000168916200163100    000020855                    000208550000000000000109                     I0120855     30081800000000035003410000017N090518104700000000000103008180000000000000000000000000000000000000000100074824996791ELIANE DA SILVA CAMACHO                 RUA MAJOR REGO 84                       OLARIA      21073440RIO DE JANEIRO RJUNIAO UMB DOS CULTOS AFRO BRAS    30081810 000122
10231987175000168916200163100    000020854                    000208540000000000000109                     I0120854     30081800000000035003410000017N090518104700000000000103008180000000000000000000000000000000000000000100008204291710STANLEY RODRIGO SILVA BOEHLER           RUA CARLOS DE CAMPOS LOTE 4 QUADRA 36 VIIMBARIE DUQU25275230DUQUE DE CAXIASRJUNIAO UMB DOS CULTOS AFRO BRAS    30081810 000123
10231987175000168916200163100    000020853                    000208530000000000000109                     I0120853     30081800000000035003410000017N090518104700000000000103008180000000000000000000000000000000000000000100009713273605CAMILA EMANUELE DE ARAUJO CALD          RUA DAS PACAS 1004 LOTE M   QUADRA 69   TAMOIOS  CAB28927000DUQUE DE CAXIASRJUNIAO UMB DOS CULTOS AFRO BRAS    30081810 000124
10231987175000168916200163100    000020852                    000208520000000000000109                     I0120852     30081800000000035003410000017N090518104700000000000103008180000000000000000000000000000000000000000100002596126770ANA CRISTINA DA CRUZ                    RUA BURITIZAL SN QUADRA 42 LOTE 1       SEPETIBA    23545100RIO DE JANEIRO RJUNIAO UMB DOS CULTOS AFRO BRAS    30081810 000125
10231987175000168916200163100    000020851                    000208510000000000000109                     I0120851     30071800000000035003410000017N090518104700000000000103007180000000000000000000000000000000000000000100002596126770ANA CRISTINA DA CRUZ                    RUA BURITIZAL SN QUADRA 42 LOTE 1       SEPETIBA    23545100RIO DE JANEIRO RJUNIAO UMB DOS CULTOS AFRO BRAS    30071810 000126
10231987175000168916200163100    000020850                    000208500000000000000109                     I0120850     30061800000000035003410000017N090518104700000000000103006180000000000000000000000000000000000000000100002596126770ANA CRISTINA DA CRUZ                    RUA BURITIZAL SN QUADRA 42 LOTE 1       SEPETIBA    23545100RIO DE JANEIRO RJUNIAO UMB DOS CULTOS AFRO BRAS    30061810 000127
10231987175000168916200163100    000020849                    000208490000000000000109                     I0120849     30081800000000035003410000017N090518104700000000000103008180000000000000000000000000000000000000000100063692546734CARLOS LUIZ DA SILVA                    ESTRADA DE SEPETIBA 5116 RUA C LOTE 5 QUSEPETIBA    23545003RIO DE JANEIRO RJUNIAO UMB DOS CULTOS AFRO BRAS    30081810 000128
10231987175000168916200163100    000020848                    000208480000000000000109                     I0120848     30071800000000035003410000017N090518104700000000000103007180000000000000000000000000000000000000000100063692546734CARLOS LUIZ DA SILVA                    ESTRADA DE SEPETIBA 5116 RUA C LOTE 5 QUSEPETIBA    23545003RIO DE JANEIRO RJUNIAO UMB DOS CULTOS AFRO BRAS    30071810 000129
10231987175000168916200163100    000020847                    000208470000000000000109                     I0120847     30081800000000035003410000017N090518104700000000000103008180000000000000000000000000000000000000000100009906412798RONNEY NUNES POLI                       RUA NOVA HORIZONTE N 5                  SEPETIBA - R23540133RIO DE JANEIRO RJUNIAO UMB DOS CULTOS AFRO BRAS    30081810 000130
10231987175000168916200163100    000020846                    000208460000000000000109                     I0120846     30071800000000035003410000017N090518104700000000000103007180000000000000000000000000000000000000000100009906412798RONNEY NUNES POLI                       RUA NOVA HORIZONTE N 5                  SEPETIBA - R23540133RIO DE JANEIRO RJUNIAO UMB DOS CULTOS AFRO BRAS    30071810 000131
10231987175000168916200163100    000020845                    000208450000000000000109                     I0120845     30061800000000035003410000017N090518104700000000000103006180000000000000000000000000000000000000000100009906412798RONNEY NUNES POLI                       RUA NOVA HORIZONTE N 5                  SEPETIBA - R23540133RIO DE JANEIRO RJUNIAO UMB DOS CULTOS AFRO BRAS    30061810 000132
10231987175000168916200163100    000020844                    000208440000000000000109                     I0120844     30061800000000035003410000017N090518104700000000000103006180000000000000000000000000000000000000000100003554736740TANIA CAMPOS CAMILLO                    RUA: GUATAMBU LOTE 4 QUADRA 9 - VILA ERABELFORD ROXO26167750BELFORD ROXO   RJUNIAO UMB DOS CULTOS AFRO BRAS    30061810 000133
10231987175000168916200163100    000020843                    000208430000000000000109                     I0120843     30081800000000035003410000017N090518104700000000000103008180000000000000000000000000000000000000000100064576469720ANA LUCIA VENANCIO                      RUA FLORANEA N 159                      IPIRANGA - N26293426NOVA IGUACU    RJUNIAO UMB DOS CULTOS AFRO BRAS    30081810 000134
10231987175000168916200163100    000020842                    000208420000000000000109                     I0120842     30081800000000035003410000017N090518104700000000000103008180000000000000000000000000000000000000000100052282171772SONIA MARIA DOS SANTOS                  RUA MIDA, 13 QUADRA I                   RIACHAO - NO26084050NOVA IGUACU    RJUNIAO UMB DOS CULTOS AFRO BRAS    30081810 000135
10231987175000168916200163100    000020841                    000208410000000000000109                     I0120841     30071800000000035003410000017N090518104700000000000103007180000000000000000000000000000000000000000100052282171772SONIA MARIA DOS SANTOS                  RUA MIDA, 13 QUADRA I                   RIACHAO - NO26084050NOVA IGUACU    RJUNIAO UMB DOS CULTOS AFRO BRAS    30071810 000136
10231987175000168916200163100    000020840                    000208400000000000000109                     I0120840     30081800000000035003410000017N090518104700000000000103008180000000000000000000000000000000000000000200000000000000JORGE EDUARDO PEREIRA VIANNA            RUA TUIUTI                              CABUCU      26291551NOVA IGUACU    RJUNIAO UMB DOS CULTOS AFRO BRAS    30081810 000137
10231987175000168916200163100    000020839                    000208390000000000000109                     I0120839     30071800000000035003410000017N090518104700000000000103007180000000000000000000000000000000000000000200000000000000JORGE EDUARDO PEREIRA VIANNA            RUA TUIUTI                              CABUCU      26291551NOVA IGUACU    RJUNIAO UMB DOS CULTOS AFRO BRAS    30071810 000138
10231987175000168916200163100    000020838                    000208380000000000000109                     I0120838     30061800000000035003410000017N090518104700000000000103006180000000000000000000000000000000000000000200000000000000JORGE EDUARDO PEREIRA VIANNA            RUA TUIUTI                              CABUCU      26291551NOVA IGUACU    RJUNIAO UMB DOS CULTOS AFRO BRAS    30061810 000139
10231987175000168916200163100    000020837                    000208370000000000000109                     I0120837     30081800000000035003410000017N090518104700000000000103008180000000000000000000000000000000000000000100093255586704GRECIETE GOUDARD                        ESTRADA DO CAMPINHO                     CAMPO GRANDE23066540RIO DE JANEIRO RJUNIAO UMB DOS CULTOS AFRO BRAS    30081810 000140
10231987175000168916200163100    000020836                    000208360000000000000109                     I0120836     30071800000000035003410000017N090518104700000000000103007180000000000000000000000000000000000000000100093255586704GRECIETE GOUDARD                        ESTRADA DO CAMPINHO                     CAMPO GRANDE23066540RIO DE JANEIRO RJUNIAO UMB DOS CULTOS AFRO BRAS    30071810 000141
10231987175000168916200163100    000020835                    000208350000000000000109                     I0120835     30061800000000035003410000017N090518104700000000000103006180000000000000000000000000000000000000000100093255586704GRECIETE GOUDARD                        ESTRADA DO CAMPINHO                     CAMPO GRANDE23066540RIO DE JANEIRO RJUNIAO UMB DOS CULTOS AFRO BRAS    30061810 000142
10231987175000168916200163100    000020834                    000208340000000000000109                     I0120834     30081800000000035003410000017N090518104700000000000103008180000000000000000000000000000000000000000100079034780791PAULO ROBERTO DE SOUZA MORENO           RUA CORONEL MALHAES                     TIRADENTES  26351180NOVA IGUACU    RJUNIAO UMB DOS CULTOS AFRO BRAS    30081810 000143
10231987175000168916200163100    000020833                    000208330000000000000109                     I0120833     30071800000000035003410000017N090518104700000000000103007180000000000000000000000000000000000000000100079034780791PAULO ROBERTO DE SOUZA MORENO           RUA CORONEL MALHAES                     TIRADENTES  26351180NOVA IGUACU    RJUNIAO UMB DOS CULTOS AFRO BRAS    30071810 000144
10231987175000168916200163100    000020832                    000208320000000000000109                     I0120832     30061800000000035003410000017N090518104700000000000103006180000000000000000000000000000000000000000100079034780791PAULO ROBERTO DE SOUZA MORENO           RUA CORONEL MALHAES                     TIRADENTES  26351180NOVA IGUACU    RJUNIAO UMB DOS CULTOS AFRO BRAS    30061810 000145
10231987175000168916200163100    000020831                    000208310000000000000109                     I0120831     30081800000000035003410000017N090518104700000000000103008180000000000000000000000000000000000000000100004460142732CRISTIANO ARAUJO DE OLIVEIRA            R: SERIDO N 20 QD 1 LOTE 15             NOVA IGUACU 26291482NOVA IGUACU    RJUNIAO UMB DOS CULTOS AFRO BRAS    30081810 000146
10231987175000168916200163100    000020830                    000208300000000000000109                     I0120830     30071800000000035003410000017N090518104700000000000103007180000000000000000000000000000000000000000100004460142732CRISTIANO ARAUJO DE OLIVEIRA            R: SERIDO N 20 QD 1 LOTE 15             NOVA IGUACU 26291482NOVA IGUACU    RJUNIAO UMB DOS CULTOS AFRO BRAS    30071810 000147
10231987175000168916200163100    000020829                    000208290000000000000109                     I0120829     30061800000000035003410000017N090518104700000000000103006180000000000000000000000000000000000000000100004460142732CRISTIANO ARAUJO DE OLIVEIRA            R: SERIDO N 20 QD 1 LOTE 15             NOVA IGUACU 26291482NOVA IGUACU    RJUNIAO UMB DOS CULTOS AFRO BRAS    30061810 000148
10231987175000168916200163100    000020828                    000208280000000000000109                     I0120828     30081800000000035003410000017N090518104700000000000103008180000000000000000000000000000000000000000100010749011777LUIZ CARLOS LOYOLA ALVES                RUA: OURO PRETO                         NOVA IGUACU 26297144NOVA IGUACU    RJUNIAO UMB DOS CULTOS AFRO BRAS    30081810 000149
10231987175000168916200163100    000020827                    000208270000000000000109                     I0120827     30071800000000035003410000017N090518104700000000000103007180000000000000000000000000000000000000000100010749011777LUIZ CARLOS LOYOLA ALVES                RUA: OURO PRETO                         NOVA IGUACU 26297144NOVA IGUACU    RJUNIAO UMB DOS CULTOS AFRO BRAS    30071810 000150
10231987175000168916200163100    000020826                    000208260000000000000109                     I0120826     30061800000000035003410000017N090518104700000000000103006180000000000000000000000000000000000000000100010749011777LUIZ CARLOS LOYOLA ALVES                RUA: OURO PRETO                         NOVA IGUACU 26297144NOVA IGUACU    RJUNIAO UMB DOS CULTOS AFRO BRAS    30061810 000151
10231987175000168916200163100    000020825                    000208250000000000000109                     I0120825     30051800000000035003410000017N090518104700000000000103005180000000000000000000000000000000000000000100021973989700NILZA ARAGUEZ                           RUA PAJURA, 117 BLOCO 2 APTO 106        TAQUARA - RI22740210RIO DE JANEIRO RJUNIAO UMB DOS CULTOS AFRO BRAS    30051810 000152
10231987175000168916200163100    000020824                    000208240000000000000109                     I0120824     10051800000000070003410000017N090518104700000000000101005180000000000000000000000000000000000000000100007809907735LUCIANA SANTOS DA SILVA                 BECO ADELIA N 3 - NOSSA SENHORA DAS GRACILHA DO GOVE21932003ILHA DO GOVERNARJUNIAO UMB DOS CULTOS AFRO BRAS    10051810 000153
10231987175000168916200163100    000020823                    000208230000000000000109                     I0120823     30081800000000040003410000017N090518104700000000000103008180000000000000000000000000000000000000000100073243728720MARCOS AURELIO REIS DE CASTRO           RUA DAS ROSAS                           VILA VALQUEI21321382RIO DE JANEIRO RJUNIAO UMB DOS CULTOS AFRO BRAS    30081810 000154
10231987175000168916200163100    000020573                    000205730000000000000109                     I0220573     30081800000000035003410000017N070518104700000000000103008180000000000000000000000000000000000000000100000150852797EDSON SENRA GOMES                       ESTRADA OUTEIRO SANTO                   TAQUARA     11713170RIO DE JANEIRO RJUNIAO UMB DOS CULTOS AFRO BRAS    30081810 000155
10231987175000168916200163100    000020471                    000204710000000000000109                     I0220471     30081800000000035003410000017N070518104700000000000103008180000000000000000000000000000000000000000100003430627710PATRICIA DA SILVA VASCONCELOS           RUA TAPUTERA N 140 FUNDOS               BARAO DE IRI25906780MAGE           RJUNIAO UMB DOS CULTOS AFRO BRAS    30081810 000156
10231987175000168916200163100    000020448                    000204480000000000000109                     I0220448     30081800000000035003410000017N070518104700000000000103008180000000000000000000000000000000000000000100002730493727ALBERTO ALEXANDRE DOS SANTOS M          RUA ECA DE QUEIROZ, QUADRA 60 LOTE 2    PANTANAL - D25040350DUQUE DE CAXIASRJUNIAO UMB DOS CULTOS AFRO BRAS    30081810 000157
10231987175000168916200163100    000020250                    000202500000000000000109                     I0220250     30081800000000035003410000017N070518104700000000000103008180000000000000000000000000000000000000000100004168412792SERGIO LUIZ PEREIRA DOS SANTOS          RUA CORONEL JOAO DA SILVA MOREIRA, 54   CAIEIRA VELH27145170RIO DE JANEIRO RJUNIAO UMB DOS CULTOS AFRO BRAS    30081810 000158
10231987175000168916200163100    000020165                    000201650000000000000109                     I0220165     30081800000000035003410000017N070518104700000000000103008180000000000000000000000000000000000000000100072461780749FATIMA GARCIA                           RODOVIA 116 KM 3,5 LT 31 QD 2 SAMBAETIBAITABORAI - R24843000RIO DE JANEIRO RJUNIAO UMB DOS CULTOS AFRO BRAS    30081810 000159
10231987175000168916200163100    000020110                    000201100000000000000109                     I0220110     30081800000000035003410000017N070518104700000000000103008180000000000000000000000000000000000000000100002239503785ARILZA ALMEIDA CARVALHO                 AVENIDA: BEIRA RIO LOTE 26 - RIO DO OUROSAO GONCALO 24752605SAO GONCALO    RJUNIAO UMB DOS CULTOS AFRO BRAS    30081810 000160
10231987175000168916200163100    000020064                    000200640000000000000109                     I0220064     30081800000000035003410000017N070518104700000000000103008180000000000000000000000000000000000000000100063791080768ANTONIO DE OLIVEIRA                     O MESMO                                 O MESMO     24722060SAO GONCALO    RJUNIAO UMB DOS CULTOS AFRO BRAS    30081810 000161
10231987175000168916200163100    000020062                    000200620000000000000109                     I0220062     30081800000000035003410000017N070518104700000000000103008180000000000000000000000000000000000000000100004398474381ANDREIA MODESTO DA SILVA                RUA K, LOTE 21 QUADRA 16                JARDIM BARRO26267330DUQUE DE CAXIASRJUNIAO UMB DOS CULTOS AFRO BRAS    30081810 000162
10231987175000168916200163100    000020048                    000200480000000000000109                     I0220048     30081800000000035003410000017N070518104700000000000103008180000000000000000000000000000000000000000100002480943780HELIA SANTOS DA SILVA DE LIMA           RUA JOSE DE ALENCAR, QUADRA 67 LOTE 5   PRACA DA BAN25560150SAO JOAO DE MERRJUNIAO UMB DOS CULTOS AFRO BRAS    30081810 000163
10231987175000168916200163100    000020022                    000200220000000000000109                     I0220022     30081800000000035003410000017N070518104700000000000103008180000000000000000000000000000000000000000100002871832706VILMA LUCI PENEDO DOS SANTOS            RUA OLINDA, SN QUADRA E LOTE 1          LAGOINHA - N26296453NOVA IGUACU    RJUNIAO UMB DOS CULTOS AFRO BRAS    30081810 000164
10231987175000168916200163100    000019942                    000199420000000000000109                     I0219942     30081800000000035003410000017N070518104700000000000103008180000000000000000000000000000000000000000100036213373772DULCINEIA RODRIGUES FEITAL              RUA CARNAUBAIS, 15                      SENADOR VASC23012380RIO DE JANEIRO RJUNIAO UMB DOS CULTOS AFRO BRAS    30081810 000165
10231987175000168916200163100    000019940                    000199400000000000000109                     I0219940     30081800000000035003410000017N070518104700000000000103008180000000000000000000000000000000000000000100003421604789MARILEA GUIMARAES CASEMIRO BAR          RUA JAGUARI, 136                        MONTE LIBANO26010450RIO DE JANEIRO RJUNIAO UMB DOS CULTOS AFRO BRAS    30081810 000166
10231987175000168916200163100    000019800                    000198000000000000000109                     I0219800     30081800000000035003410000017N070518104700000000000103008180000000000000000000000000000000000000000200000000009363ANTONIO SANTOS DA SILVA                 RUA DAS BANANEIRAS N 42                 BARAO GUANDU26062188NOVA IGUACU    RJUNIAO UMB DOS CULTOS AFRO BRAS    30081810 000167
10231987175000168916200163100    000019593                    000195930000000000000109                     I0219593     30081800000000035003410000017N070518104700000000000103008180000000000000000000000000000000000000000200000000003499ANDRE LUIS ALMEIDA SOUZA                RUA CAIMIRIM Nº 140 - SANTA TEREZINHA  MESQUITA - R26555050BELFORD ROXO   RJUNIAO UMB DOS CULTOS AFRO BRAS    30081810 000168
10231987175000168916200163100    000019547                    000195470000000000000109                     I0219547     30081800000000035003410000017N070518104700000000000103008180000000000000000000000000000000000000000100002547438704JORGE EDUARDO CAVALCANTI REIS           RUA ROSA DA FONSECA N 30 SOBRADO        MANGUINHOS -21041240RIO DE JANEIRO RJUNIAO UMB DOS CULTOS AFRO BRAS    30081810 000169
10231987175000168916200163100    000019498                    000194980000000000000109                     I0219498     30081800000000035003410000017N070518104700000000000103008180000000000000000000000000000000000000000200000000007813ANDIRA DE SOUZA                         RUA PERSEVERANCA N 5                    VILA GRATIDA26087415NOVA IGUACU    RJUNIAO UMB DOS CULTOS AFRO BRAS    30081810 000170
10231987175000168916200163100    000019319                    000193190000000000000109                     I0219319     30081800000000035003410000017N070518104700000000000103008180000000000000000000000000000000000000000100037019449700CELIA REGINA OLIVEIRA DOS SANT          RUA  MINISTRO ARTHUR COSTA, 1283        JARDIM AMERI21240120RIO DE JANEIRO RJUNIAO UMB DOS CULTOS AFRO BRAS    30081810 000171
10231987175000168916200163100    000019247                    000192470000000000000109                     I0219247     30081800000000035003410000017N070518104700000000000103008180000000000000000000000000000000000000000200000000005873JOSE AUGUSTO COELHO DE MENEZES          ESTRADA DA BOIUNA, 2450 - JARDIM BOIUNA TAQUARA - JA22741970RIO DE JANEIRO RJUNIAO UMB DOS CULTOS AFRO BRAS    30081810 000172
10231987175000168916200163100    000019003                    000190030000000000000109                     I0219003     30071800000000035003410000017N070518104700000000000103007180000000000000000000000000000000000000000100000150852797EDSON SENRA GOMES                       ESTRADA OUTEIRO SANTO                   TAQUARA     11713170RIO DE JANEIRO RJUNIAO UMB DOS CULTOS AFRO BRAS    30071810 000173
10231987175000168916200163100    000018901                    000189010000000000000109                     I0218901     30071800000000035003410000017N070518104700000000000103007180000000000000000000000000000000000000000100003430627710PATRICIA DA SILVA VASCONCELOS           RUA TAPUTERA N 140 FUNDOS               BARAO DE IRI25906780MAGE           RJUNIAO UMB DOS CULTOS AFRO BRAS    30071810 000174
10231987175000168916200163100    000018878                    000188780000000000000109                     I0218878     30071800000000035003410000017N070518104700000000000103007180000000000000000000000000000000000000000100002730493727ALBERTO ALEXANDRE DOS SANTOS M          RUA ECA DE QUEIROZ, QUADRA 60 LOTE 2    PANTANAL - D25040350DUQUE DE CAXIASRJUNIAO UMB DOS CULTOS AFRO BRAS    30071810 000175
10231987175000168916200163100    000018806                    000188060000000000000109                     I0218806     30071800000000035003410000017N070518104700000000000103007180000000000000000000000000000000000000000100016685778792PAMELA TAMIRIS DA SILVA CORDEI          RUA DO OURO, 14                         INHOAIBA - R23064140RIO DE JANEIRO RJUNIAO UMB DOS CULTOS AFRO BRAS    30071810 000176
10231987175000168916200163100    000018714                    000187140000000000000109                     I0218714     30071800000000035003410000017N070518104700000000000103007180000000000000000000000000000000000000000100007702148780MARCO AURELIO DO NASCIMENTO AL          RUA RIO NEGRO, 160                      REALENGO - R21760280RIO DE JANEIRO RJUNIAO UMB DOS CULTOS AFRO BRAS    30071810 000177
10231987175000168916200163100    000018680                    000186800000000000000109                     I0218680     30071800000000035003410000017N070518104700000000000103007180000000000000000000000000000000000000000100004168412792SERGIO LUIZ PEREIRA DOS SANTOS          RUA CORONEL JOAO DA SILVA MOREIRA, 54   CAIEIRA VELH27145170RIO DE JANEIRO RJUNIAO UMB DOS CULTOS AFRO BRAS    30071810 000178
10231987175000168916200163100    000018595                    000185950000000000000109                     I0218595     30071800000000035003410000017N070518104700000000000103007180000000000000000000000000000000000000000100072461780749FATIMA GARCIA                           RODOVIA 116 KM 3,5 LT 31 QD 2 SAMBAETIBAITABORAI - R24843000RIO DE JANEIRO RJUNIAO UMB DOS CULTOS AFRO BRAS    30071810 000179
10231987175000168916200163100    000018593                    000185930000000000000109                     I0218593     30071800000000035003410000017N070518104700000000000103007180000000000000000000000000000000000000000100086094750772IARA MUNIZ DA SILVA BORGES              RUA FLAMBOYANT, 3                       VARGEM PEQUE22783117RIO DE JANEIRO RJUNIAO UMB DOS CULTOS AFRO BRAS    30071810 000180
10231987175000168916200163100    000018540                    000185400000000000000109                     I0218540     30071800000000035003410000017N070518104700000000000103007180000000000000000000000000000000000000000100002239503785ARILZA ALMEIDA CARVALHO                 AVENIDA: BEIRA RIO LOTE 26 - RIO DO OUROSAO GONCALO 24752605SAO GONCALO    RJUNIAO UMB DOS CULTOS AFRO BRAS    30071810 000181
10231987175000168916200163100    000018494                    000184940000000000000109                     I0218494     30071800000000035003410000017N070518104700000000000103007180000000000000000000000000000000000000000100063791080768ANTONIO DE OLIVEIRA                     O MESMO                                 O MESMO     24722060SAO GONCALO    RJUNIAO UMB DOS CULTOS AFRO BRAS    30071810 000182
10231987175000168916200163100    000018492                    000184920000000000000109                     I0218492     30071800000000035003410000017N070518104700000000000103007180000000000000000000000000000000000000000100004398474381ANDREIA MODESTO DA SILVA                RUA K, LOTE 21 QUADRA 16                JARDIM BARRO26267330DUQUE DE CAXIASRJUNIAO UMB DOS CULTOS AFRO BRAS    30071810 000183
10231987175000168916200163100    000018478                    000184780000000000000109                     I0218478     30071800000000035003410000017N070518104700000000000103007180000000000000000000000000000000000000000100002480943780HELIA SANTOS DA SILVA DE LIMA           RUA JOSE DE ALENCAR, QUADRA 67 LOTE 5   PRACA DA BAN25560150SAO JOAO DE MERRJUNIAO UMB DOS CULTOS AFRO BRAS    30071810 000184
10231987175000168916200163100    000018452                    000184520000000000000109                     I0218452     30071800000000035003410000017N070518104700000000000103007180000000000000000000000000000000000000000100002871832706VILMA LUCI PENEDO DOS SANTOS            RUA OLINDA, SN QUADRA E LOTE 1          LAGOINHA - N26296453NOVA IGUACU    RJUNIAO UMB DOS CULTOS AFRO BRAS    30071810 000185
10231987175000168916200163100    000018372                    000183720000000000000109                     I0218372     30071800000000035003410000017N070518104700000000000103007180000000000000000000000000000000000000000100036213373772DULCINEIA RODRIGUES FEITAL              RUA CARNAUBAIS, 15                      SENADOR VASC23012380RIO DE JANEIRO RJUNIAO UMB DOS CULTOS AFRO BRAS    30071810 000186
10231987175000168916200163100    000018370                    000183700000000000000109                     I0218370     30071800000000035003410000017N070518104700000000000103007180000000000000000000000000000000000000000100003421604789MARILEA GUIMARAES CASEMIRO BAR          RUA JAGUARI, 136                        MONTE LIBANO26010450RIO DE JANEIRO RJUNIAO UMB DOS CULTOS AFRO BRAS    30071810 000187
10231987175000168916200163100    000018230                    000182300000000000000109                     I0218230     30071800000000035003410000017N070518104700000000000103007180000000000000000000000000000000000000000200000000009363ANTONIO SANTOS DA SILVA                 RUA DAS BANANEIRAS N 42                 BARAO GUANDU26062188NOVA IGUACU    RJUNIAO UMB DOS CULTOS AFRO BRAS    30071810 000188
10231987175000168916200163100    000018023                    000180230000000000000109                     I0218023     30071800000000035003410000017N070518104700000000000103007180000000000000000000000000000000000000000200000000003499ANDRE LUIS ALMEIDA SOUZA                RUA CAIMIRIM Nº 140 - SANTA TEREZINHA  MESQUITA - R26555050BELFORD ROXO   RJUNIAO UMB DOS CULTOS AFRO BRAS    30071810 000189
10231987175000168916200163100    000017977                    000179770000000000000109                     I0217977     30071800000000035003410000017N070518104700000000000103007180000000000000000000000000000000000000000100002547438704JORGE EDUARDO CAVALCANTI REIS           RUA ROSA DA FONSECA N 30 SOBRADO        MANGUINHOS -21041240RIO DE JANEIRO RJUNIAO UMB DOS CULTOS AFRO BRAS    30071810 000190
10231987175000168916200163100    000017928                    000179280000000000000109                     I0217928     30071800000000035003410000017N070518104700000000000103007180000000000000000000000000000000000000000200000000007813ANDIRA DE SOUZA                         RUA PERSEVERANCA N 5                    VILA GRATIDA26087415NOVA IGUACU    RJUNIAO UMB DOS CULTOS AFRO BRAS    30071810 000191
10231987175000168916200163100    000017749                    000177490000000000000109                     I0217749     30071800000000035003410000017N070518104700000000000103007180000000000000000000000000000000000000000100037019449700CELIA REGINA OLIVEIRA DOS SANT          RUA  MINISTRO ARTHUR COSTA, 1283        JARDIM AMERI21240120RIO DE JANEIRO RJUNIAO UMB DOS CULTOS AFRO BRAS    30071810 000192
10231987175000168916200163100    000017677                    000176770000000000000109                     I0217677     30071800000000035003410000017N070518104700000000000103007180000000000000000000000000000000000000000200000000005873JOSE AUGUSTO COELHO DE MENEZES          ESTRADA DA BOIUNA, 2450 - JARDIM BOIUNA TAQUARA - JA22741970RIO DE JANEIRO RJUNIAO UMB DOS CULTOS AFRO BRAS    30071810 000193
10231987175000168916200163100    000015814                    000158140000000000000109                     I0215814     30061800000000035003410000017N070518104700000000000103006180000000000000000000000000000000000000000100062988050791REGINA LUCIA DE SOUZA SANTOS T          RUA ENGENHEIRO LAFAYETE STOCKLER N 742  VILA DA PENH21221390RIO DE JANEIRO RJUNIAO UMB DOS CULTOS AFRO BRAS    30061810 000194
10231987175000168916200163100    000015813                    000158130000000000000109                     I0215813     30061800000000035003410000017N070518104700000000000103006180000000000000000000000000000000000000000100000150852797EDSON SENRA GOMES                       ESTRADA OUTEIRO SANTO                   TAQUARA     11713170RIO DE JANEIRO RJUNIAO UMB DOS CULTOS AFRO BRAS    30061810 000195
10231987175000168916200163100    000015711                    000157110000000000000109                     I0215711     30061800000000035003410000017N070518104700000000000103006180000000000000000000000000000000000000000100003430627710PATRICIA DA SILVA VASCONCELOS           RUA TAPUTERA N 140 FUNDOS               BARAO DE IRI25906780MAGE           RJUNIAO UMB DOS CULTOS AFRO BRAS    30061810 000196
10231987175000168916200163100    000015688                    000156880000000000000109                     I0215688     30061800000000035003410000017N070518104700000000000103006180000000000000000000000000000000000000000100002730493727ALBERTO ALEXANDRE DOS SANTOS M          RUA ECA DE QUEIROZ, QUADRA 60 LOTE 2    PANTANAL - D25040350DUQUE DE CAXIASRJUNIAO UMB DOS CULTOS AFRO BRAS    30061810 000197
10231987175000168916200163100    000015616                    000156160000000000000109                     I0215616     30061800000000035003410000017N070518104700000000000103006180000000000000000000000000000000000000000100016685778792PAMELA TAMIRIS DA SILVA CORDEI          RUA DO OURO, 14                         INHOAIBA - R23064140RIO DE JANEIRO RJUNIAO UMB DOS CULTOS AFRO BRAS    30061810 000198
10231987175000168916200163100    000015524                    000155240000000000000109                     I0215524     30061800000000035003410000017N070518104700000000000103006180000000000000000000000000000000000000000100007702148780MARCO AURELIO DO NASCIMENTO AL          RUA RIO NEGRO, 160                      REALENGO - R21760280RIO DE JANEIRO RJUNIAO UMB DOS CULTOS AFRO BRAS    30061810 000199
10231987175000168916200163100    000015490                    000154900000000000000109                     I0215490     30061800000000035003410000017N070518104700000000000103006180000000000000000000000000000000000000000100004168412792SERGIO LUIZ PEREIRA DOS SANTOS          RUA CORONEL JOAO DA SILVA MOREIRA, 54   CAIEIRA VELH27145170RIO DE JANEIRO RJUNIAO UMB DOS CULTOS AFRO BRAS    30061810 000200
10231987175000168916200163100    000015472                    000154720000000000000109                     I0215472     30061800000000035003410000017N070518104700000000000103006180000000000000000000000000000000000000000100011790209790NOILDA SANTIAGO DA SILVA                RUA ADRIANA N 203 FUNDOS                VALVERDE - N26290645NOVA IGUACU    RJUNIAO UMB DOS CULTOS AFRO BRAS    30061810 000201
10231987175000168916200163100    000015405                    000154050000000000000109                     I0215405     30061800000000035003410000017N070518104700000000000103006180000000000000000000000000000000000000000100072461780749FATIMA GARCIA                           RODOVIA 116 KM 3,5 LT 31 QD 2 SAMBAETIBAITABORAI - R24843000RIO DE JANEIRO RJUNIAO UMB DOS CULTOS AFRO BRAS    30061810 000202
10231987175000168916200163100    000015403                    000154030000000000000109                     I0215403     30061800000000035003410000017N070518104700000000000103006180000000000000000000000000000000000000000100086094750772IARA MUNIZ DA SILVA BORGES              RUA FLAMBOYANT, 3                       VARGEM PEQUE22783117RIO DE JANEIRO RJUNIAO UMB DOS CULTOS AFRO BRAS    30061810 000203
10231987175000168916200163100    000015350                    000153500000000000000109                     I0215350     30061800000000035003410000017N070518104700000000000103006180000000000000000000000000000000000000000100002239503785ARILZA ALMEIDA CARVALHO                 AVENIDA: BEIRA RIO LOTE 26 - RIO DO OUROSAO GONCALO 24752605SAO GONCALO    RJUNIAO UMB DOS CULTOS AFRO BRAS    30061810 000204
10231987175000168916200163100    000015304                    000153040000000000000109                     I0215304     30061800000000035003410000017N070518104700000000000103006180000000000000000000000000000000000000000100063791080768ANTONIO DE OLIVEIRA                     O MESMO                                 O MESMO     24722060SAO GONCALO    RJUNIAO UMB DOS CULTOS AFRO BRAS    30061810 000205
10231987175000168916200163100    000015302                    000153020000000000000109                     I0215302     30061800000000035003410000017N070518104700000000000103006180000000000000000000000000000000000000000100004398474381ANDREIA MODESTO DA SILVA                RUA K, LOTE 21 QUADRA 16                JARDIM BARRO26267330DUQUE DE CAXIASRJUNIAO UMB DOS CULTOS AFRO BRAS    30061810 000206
10231987175000168916200163100    000015289                    000152890000000000000109                     I0215289     30061800000000035003410000017N070518104700000000000103006180000000000000000000000000000000000000000100002480943780HELIA SANTOS DA SILVA DE LIMA           RUA JOSE DE ALENCAR, QUADRA 67 LOTE 5   PRACA DA BAN25560150SAO JOAO DE MERRJUNIAO UMB DOS CULTOS AFRO BRAS    30061810 000207
10231987175000168916200163100    000015263                    000152630000000000000109                     I0215263     30061800000000035003410000017N070518104700000000000103006180000000000000000000000000000000000000000100002871832706VILMA LUCI PENEDO DOS SANTOS            RUA OLINDA, SN QUADRA E LOTE 1          LAGOINHA - N26296453NOVA IGUACU    RJUNIAO UMB DOS CULTOS AFRO BRAS    30061810 000208
10231987175000168916200163100    000015183                    000151830000000000000109                     I0215183     30061800000000035003410000017N070518104700000000000103006180000000000000000000000000000000000000000100036213373772DULCINEIA RODRIGUES FEITAL              RUA CARNAUBAIS, 15                      SENADOR VASC23012380RIO DE JANEIRO RJUNIAO UMB DOS CULTOS AFRO BRAS    30061810 000209
10231987175000168916200163100    000015181                    000151810000000000000109                     I0215181     30061800000000035003410000017N070518104700000000000103006180000000000000000000000000000000000000000100003421604789MARILEA GUIMARAES CASEMIRO BAR          RUA JAGUARI, 136                        MONTE LIBANO26010450RIO DE JANEIRO RJUNIAO UMB DOS CULTOS AFRO BRAS    30061810 000210
10231987175000168916200163100    000015041                    000150410000000000000109                     I0215041     30061800000000035003410000017N070518104700000000000103006180000000000000000000000000000000000000000200000000009363ANTONIO SANTOS DA SILVA                 RUA DAS BANANEIRAS N 42                 BARAO GUANDU26062188NOVA IGUACU    RJUNIAO UMB DOS CULTOS AFRO BRAS    30061810 000211
10231987175000168916200163100    000014834                    000148340000000000000109                     I0214834     30061800000000035003410000017N070518104700000000000103006180000000000000000000000000000000000000000200000000003499ANDRE LUIS ALMEIDA SOUZA                RUA CAIMIRIM Nº 140 - SANTA TEREZINHA  MESQUITA - R26555050BELFORD ROXO   RJUNIAO UMB DOS CULTOS AFRO BRAS    30061810 000212
10231987175000168916200163100    000014788                    000147880000000000000109                     I0214788     30061800000000035003410000017N070518104700000000000103006180000000000000000000000000000000000000000100002547438704JORGE EDUARDO CAVALCANTI REIS           RUA ROSA DA FONSECA N 30 SOBRADO        MANGUINHOS -21041240RIO DE JANEIRO RJUNIAO UMB DOS CULTOS AFRO BRAS    30061810 000213
10231987175000168916200163100    000014739                    000147390000000000000109                     I0214739     30061800000000035003410000017N070518104700000000000103006180000000000000000000000000000000000000000200000000007813ANDIRA DE SOUZA                         RUA PERSEVERANCA N 5                    VILA GRATIDA26087415NOVA IGUACU    RJUNIAO UMB DOS CULTOS AFRO BRAS    30061810 000214
10231987175000168916200163100    000014560                    000145600000000000000109                     I0214560     30061800000000035003410000017N070518104700000000000103006180000000000000000000000000000000000000000100037019449700CELIA REGINA OLIVEIRA DOS SANT          RUA  MINISTRO ARTHUR COSTA, 1283        JARDIM AMERI21240120RIO DE JANEIRO RJUNIAO UMB DOS CULTOS AFRO BRAS    30061810 000215
10231987175000168916200163100    000014488                    000144880000000000000109                     I0214488     30061800000000035003410000017N070518104700000000000103006180000000000000000000000000000000000000000200000000005873JOSE AUGUSTO COELHO DE MENEZES          ESTRADA DA BOIUNA, 2450 - JARDIM BOIUNA TAQUARA - JA22741970RIO DE JANEIRO RJUNIAO UMB DOS CULTOS AFRO BRAS    30061810 000216
10231987175000168916200163100    000014156                    000141560000000000000109                     I3414156     06031800000000070003410000017N050318104700000000000100603180000000000000000000000000000000000000000200000000006480VERA LUCIA DA CRUZ NEVES                O MESMO                                 O MESMO     23017210RIO DE JANEIRO RJUNIAO UMB DOS CULTOS AFRO BRAS    06031810 000217
10231987175000168916200163100    000014043                    000140430000000000000109                     I0214043     30051800000000035003410000017N260218104700000000000103005180000000000000000000000000000000000000000100016685778792PAMELA TAMIRIS DA SILVA CORDEI          RUA DO OURO, 14                         INHOAIBA - R23064140RIO DE JANEIRO RJUNIAO UMB DOS CULTOS AFRO BRAS    30051810 000218
10231987175000168916200163100    000014042                    000140420000000000000109                     I0214042     30041800000000035003410000017N260218104700000000000103004180000000000000000000000000000000000000000100016685778792PAMELA TAMIRIS DA SILVA CORDEI          RUA DO OURO, 14                         INHOAIBA - R23064140RIO DE JANEIRO RJUNIAO UMB DOS CULTOS AFRO BRAS    30041810 000219
10231987175000168916200163100    000014041                    000140410000000000000109                     I0214041     30031800000000035003410000017N260218104700000000000103003180000000000000000000000000000000000000000100016685778792PAMELA TAMIRIS DA SILVA CORDEI          RUA DO OURO, 14                         INHOAIBA - R23064140RIO DE JANEIRO RJUNIAO UMB DOS CULTOS AFRO BRAS    30031810 000220
10231987175000168916200163100    00003320                     000033200000000000000109                     I023320      22121700000000350003410000017N171117104700000000000102212170000000000000000000000000000000000000000200000000006480VERA LUCIA DA CRUZ NEVES                O MESMO                                 O MESMO     23017210RIO DE JANEIRO RJUNIAO UMB DOS CULTOS AFRO BRAS    22121710 000221
10231987175000168916200163100    00002797                     000027970000000000000109                     I022797      31121700000000035003410000017N131117104700000000000103112170000000000000000000000000000000000000000100016685778792PAMELA TAMIRIS DA SILVA CORDEI          RUA DO OURO, 14                         INHOAIBA - R23064140RIO DE JANEIRO RJUNIAO UMB DOS CULTOS AFRO BRAS    31121710 000222
9                                                                                                                                                                                                                                                                                                                                                                                                         000223
