01REMESSA01COBRANCA       916200163100        União Umb dos Cultos Afro Bra341BANCO ITAU SA  050419                                                                                                                                                                                                                                                                                                      000001
10231987175000168916200163100    000045017                    000450170000000000000109                     I0145017     15041900000000300003410000017N050419104700000000000101504190000000000000000000000000000000000000000100001251801790AMARO LYRA DOS SANTOS FILHO             RUA JOAO VICENTE N 281, CASA 5          MADUREIRA   21340020RIO DE JANEIRO RJUNIAO UMB DOS CULTOS AFRO BRAS    15041910 000002
10231987175000168916200163100    000045016                    000450160000000000000109                     I0145016     12041900000000040003410000017N050419104700000000000101204190000000000000000000000000000000000000000100005541292727CAROLINA DA SILVA CARDOSO               RUA MONODORAN 552,                      GARDENIA AZU22765590RIO DE JANEIRO RJUNIAO UMB DOS CULTOS AFRO BRAS    12041910 000003
10231987175000168916200163100    000045015                    000450150000000000000109                     I0145015     30041900000000080003410000017N050419104700000000000103004190000000000000000000000000000000000000000100001147868794VALERIA APARECIDA DE SOUZA              RUA ALCYR BRASIL N 710,                 JARDIM NOVA 26266010NOVA IGUACU    RJUNIAO UMB DOS CULTOS AFRO BRAS    30041910 000004
10231987175000168916200163100    000045014                    000450140000000000000109                     I0145014     20041900000000040003410000017N050419104700000000000102004190000000000000000000000000000000000000000100074729055772SONIA REGINA DE PAIVA                   RUA: RODRIGUES CAMPELO N 17,            CAMPO GRANDE23017210RIO DE JANEIRO RJUNIAO UMB DOS CULTOS AFRO BRAS    20041910 000005
10231987175000168916200163100    000045013                    000450130000000000000109                     I0145013     30061900000000040003410000017N050419104700000000000103006190000000000000000000000000000000000000000100072069856704FERNANDO GOES DE SANTANA                RUA VASSOURASN 0, LOTE 13 - ENTRE RUA TRIPITANGAS   28992726SAQUAREMA      RJUNIAO UMB DOS CULTOS AFRO BRAS    30061910 000006
10231987175000168916200163100    000045012                    000450120000000000000109                     I0145012     30051900000000040003410000017N050419104700000000000103005190000000000000000000000000000000000000000100072069856704FERNANDO GOES DE SANTANA                RUA VASSOURASN 0, LOTE 13 - ENTRE RUA TRIPITANGAS   28992726SAQUAREMA      RJUNIAO UMB DOS CULTOS AFRO BRAS    30051910 000007
10231987175000168916200163100    000045011                    000450110000000000000109                     I0145011     30041900000000040003410000017N050419104700000000000103004190000000000000000000000000000000000000000100072069856704FERNANDO GOES DE SANTANA                RUA VASSOURASN 0, LOTE 13 - ENTRE RUA TRIPITANGAS   28992726SAQUAREMA      RJUNIAO UMB DOS CULTOS AFRO BRAS    30041910 000008
10231987175000168916200163100    000045010                    000450100000000000000109                     I0145010     30041900000000040003410000017N050419104700000000000103004190000000000000000000000000000000000000000100001083072714MARCELO CORREIA                         RUA CONDE DE BONFIMN 221, APTº 301     TIJUCA      20520054RIO DE JANEIRO RJUNIAO UMB DOS CULTOS AFRO BRAS    30041910 000009
10231987175000168916200163100    000045009                    000450090000000000000109                     I0145009     30041900000000150003410000017N050419104700000000000103004190000000000000000000000000000000000000000100091930014791LUCIENE CRISTINA DE OLIVEIRA S          RUA: FRANCISCO MENDES FRANCO N 235,     CENTRO      27135170BARRA DO PIRAI RJUNIAO UMB DOS CULTOS AFRO BRAS    30041910 000010
10231987175000168916200163100    000045008                    000450080000000000000109                     I0145008     30041900000000400003410000017N050419104700000000000103004190000000000000000000000000000000000000000100091930014791LUCIENE CRISTINA DE OLIVEIRA S          RUA: FRANCISCO MENDES FRANCO N 235,     CENTRO      27135170BARRA DO PIRAI RJUNIAO UMB DOS CULTOS AFRO BRAS    30041910 000011
10231987175000168916200163100    000045007                    000450070000000000000109                     I0145007     15041900000000120003410000017N050419104700000000000101504190000000000000000000000000000000000000000100092111777749WANDERLEY DOS SANTOS MENDES             PRACA EMBOABAN 67,                      ENGENHO DA R20761160RIO DE JANEIRO RJUNIAO UMB DOS CULTOS AFRO BRAS    15041910 000012
10231987175000168916200163100    000045006                    000450060000000000000109                     I0145006     30041900000000040003410000017N040419104700000000000103004190000000000000000000000000000000000000000100060586796720DENISE TAVARES ROCHA DE SOUZA           RUA LUIS BARBALHON 541, FUNDOS          ROCHA MIRAND21510110RIO DE JANEIRO RJUNIAO UMB DOS CULTOS AFRO BRAS    30041910 000013
10231987175000168916200163100    000044193                    000441930000000000000109                     I0244193     30061900000000040003410000017N130319104700000000000103006190000000000000000000000000000000000000000100011790209790NOILDA SANTIAGO DA SILVA                RUA ADRIANAN 203, FUNDOS                VALVERDE    26290645NOVA IGUACU    RJUNIAO UMB DOS CULTOS AFRO BRAS    30061910 000014
10231987175000168916200163100    000042547                    000425470000000000000109                     I0242547     30051900000000040003410000017N130319104700000000000103005190000000000000000000000000000000000000000100011790209790NOILDA SANTIAGO DA SILVA                RUA ADRIANAN 203, FUNDOS                VALVERDE    26290645NOVA IGUACU    RJUNIAO UMB DOS CULTOS AFRO BRAS    30051910 000015
10231987175000168916200163100    000041319                    000413190000000000000109                     I0241319     30041900000000040003410000017N120319104700000000000103004190000000000000000000000000000000000000000100032637128704MARLENE DA CRUZ                         AVENIDA ABILIO AUGUSTO TAVORA N 5107,   VALVERDE    26290600NOVA IGUACU    RJUNIAO UMB DOS CULTOS AFRO BRAS    30041910 000016
10231987175000168916200163100    000040910                    000409100000000000000109                     I0240910     30041900000000040003410000017N120319104700000000000103004190000000000000000000000000000000000000000100011790209790NOILDA SANTIAGO DA SILVA                RUA ADRIANAN 203, FUNDOS                VALVERDE    26290645NOVA IGUACU    RJUNIAO UMB DOS CULTOS AFRO BRAS    30041910 000017
10231987175000168916200163100    000039708                    000397080000000000000109                     I0239708     29031900000000040003410000017N010219104700000000000102903190000000000000000000000000000000000000000100005541292727CAROLINA DA SILVA CARDOSO               RUA MONODORAN 552,                      GARDENIA AZU22765590RIO DE JANEIRO RJUNIAO UMB DOS CULTOS AFRO BRAS    29031910 000018
9                                                                                                                                                                                                                                                                                                                                                                                                         000019
