01REMESSA01COBRANCA       817800093673        União Umb dos Cultos Afro Bra341BANCO ITAU SA  010819                                                                                                                                                                                                                                                                                                      000001
10231987175000168817800093673    000050174                    000501740000000000000109                     I0150174     10091900000000200003410000017N010819105700000000000661009190000000000000000000000000000000000000000100044814291787RAPHAEL DE SA RODRIGUES                 AVENIDA: AUTODROMO N 68,                VILA AUTODRO22775570JACAREPAGUA    RJUNIAO UMB DOS CULTOS AFRO BRAS    10091915 000002
21100920190000000000400                                                                                                                                                                                                                                                                                                                                                                                   000003
10231987175000168817800093673    000050173                    000501730000000000000109                     I0150173     10091900000000200003410000017N010819105700000000000661009190000000000000000000000000000000000000000100004253342795VALDECIR VENANCIO                       RUA MARANGAN 80,                        PRACA SECA  21321060RIO DE JANEIRO RJUNIAO UMB DOS CULTOS AFRO BRAS    10091915 000004
21100920190000000000400                                                                                                                                                                                                                                                                                                                                                                                   000005
10231987175000168817800093673    000050172                    000501720000000000000109                     I0150172     10091900000000200003410000017N010819105700000000000661009190000000000000000000000000000000000000000100011572827769LUCIANO FONTES DA SILVA                 RUA TAMBOARAN 75,                       GUARATIBA   23031360RIO DE JANEIRO RJUNIAO UMB DOS CULTOS AFRO BRAS    10091915 000006
21100920190000000000400                                                                                                                                                                                                                                                                                                                                                                                   000007
10231987175000168817800093673    000050171                    000501710000000000000109                     I0150171     10091900000000200003410000017N010819105700000000000661009190000000000000000000000000000000000000000100021811218857SANDRA ELENA NICOLETE                   RUA INES MONTEIRON 0, S/Nº             PARQUE ARTUR03568030SAO PAULO      SPUNIAO UMB DOS CULTOS AFRO BRAS    10091915 000008
21100920190000000000400                                                                                                                                                                                                                                                                                                                                                                                   000009
10231987175000168817800093673    000050170                    000501700000000000000109                     I0150170     10091900000000200003410000017N010819105700000000000661009190000000000000000000000000000000000000000100005816411756MICHEL DOURADO DA SILVEIRA              RUA BERNARDINO CAMPOSN 25,              PIEDADE     20756150RIO DE JANEIRO RJUNIAO UMB DOS CULTOS AFRO BRAS    10091915 000010
21100920190000000000400                                                                                                                                                                                                                                                                                                                                                                                   000011
10231987175000168817800093673    000050168                    000501680000000000000109                     I0150168     10091900000000200003410000017N010819105700000000000661009190000000000000000000000000000000000000000100010302282726LUIZ FERNANDO PEREIRA DA SILVA          RUA FRANCISCO CORDOVAN 58,              NOVA CIDADE 24804012ITABORAI       RJUNIAO UMB DOS CULTOS AFRO BRAS    10091915 000012
21100920190000000000400                                                                                                                                                                                                                                                                                                                                                                                   000013
10231987175000168817800093673    000050167                    000501670000000000000109                     I0150167     10091900000000200003410000017N010819105700000000000661009190000000000000000000000000000000000000000100002505669740CLAUDIA AUGUSTA MOREIRA DA SIL          RUA: CORVILHAN 0, LOTE 13 QUADRA 5      PARADA MORAB25265353DUQUE DE CAXIASRJUNIAO UMB DOS CULTOS AFRO BRAS    10091915 000014
21100920190000000000400                                                                                                                                                                                                                                                                                                                                                                                   000015
10231987175000168817800093673    000050166                    000501660000000000000109                     I0150166     10091900000000200003410000017N010819105700000000000661009190000000000000000000000000000000000000000100000740776789JOSE MARIA RAMALHO PINTO JUNIO          RUA: RAIF TABET N 68,                   CRUZEIRO    27600000VALENCA        RJUNIAO UMB DOS CULTOS AFRO BRAS    10091915 000016
21100920190000000000400                                                                                                                                                                                                                                                                                                                                                                                   000017
10231987175000168817800093673    000050165                    000501650000000000000109                     I0150165     10091900000000200003410000017N010819105700000000000661009190000000000000000000000000000000000000000100001551586002LUCIDIO ADELAR DA ROSA FAGUNDE          RUA PROLONGAMENTO FRANCISCO FICKN 1,    COHAB       96530000PARAISO DO SUL RSUNIAO UMB DOS CULTOS AFRO BRAS    10091915 000018
21100920190000000000400                                                                                                                                                                                                                                                                                                                                                                                   000019
10231987175000168817800093673    000050164                    000501640000000000000109                     I0150164     10091900000000200003410000017N010819105700000000000661009190000000000000000000000000000000000000000100099810298587DARY FERREIRA FIGUEIREDO                ESTRADA: DA PETROBRAS N 12,             ALTO PERUIPE45920000NOVA VICOSA    BAUNIAO UMB DOS CULTOS AFRO BRAS    10091915 000020
21100920190000000000400                                                                                                                                                                                                                                                                                                                                                                                   000021
10231987175000168817800093673    000050163                    000501630000000000000109                     I0150163     10091900000000200003410000017N010819105700000000000661009190000000000000000000000000000000000000000100000504804723FREDERICO AUGUSTO GUIMARAES PE          RUA MARECHAL BITTENCOURTN 122, APTº 101RIACHUELO   20950200RIO DE JANEIRO RJUNIAO UMB DOS CULTOS AFRO BRAS    10091915 000022
21100920190000000000400                                                                                                                                                                                                                                                                                                                                                                                   000023
10231987175000168817800093673    000050161                    000501610000000000000109                     I0150161     10091900000000200003410000017N010819105700000000000661009190000000000000000000000000000000000000000100070404352170JOAO PEDRO ARAUJO DE OLIVEIRA           RUA: NOVO HORIZONTE  N 0, S/N           DESCARRETO  77920000ITAGUATINS     TOUNIAO UMB DOS CULTOS AFRO BRAS    10091915 000024
21100920190000000000400                                                                                                                                                                                                                                                                                                                                                                                   000025
10231987175000168817800093673    000050159                    000501590000000000000109                     I0150159     10091900000000200003410000017N010819105700000000000661009190000000000000000000000000000000000000000100010515042790EDILSON DAVILA DE SOUZA                 RUA JOSE TEIXEIRAN 0, LOTE 24 QUADRA 4  PILAR       25233450DUQUE DE CAXIASRJUNIAO UMB DOS CULTOS AFRO BRAS    10091915 000026
21100920190000000000400                                                                                                                                                                                                                                                                                                                                                                                   000027
10231987175000168817800093673    000050158                    000501580000000000000109                     I0150158     10091900000000200003410000017N010819105700000000000661009190000000000000000000000000000000000000000100001842502000JOSE RICARDO ALEXANDRE RIBEIRO          RUA AMADO PERES N 645,                  BOM SUCESSO 96180000CAMAQUA        RSUNIAO UMB DOS CULTOS AFRO BRAS    10091915 000028
21100920190000000000400                                                                                                                                                                                                                                                                                                                                                                                   000029
10231987175000168817800093673    000050157                    000501570000000000000109                     I0150157     10091900000000200003410000017N010819105700000000000661009190000000000000000000000000000000000000000100008345335969BRUNO WILLIAN DA COSTA                  RUA ADOLFO SAVISKIN 566,                SANTO ANTONI83025640SAO JOSE DOS PIPRUNIAO UMB DOS CULTOS AFRO BRAS    10091915 000030
21100920190000000000400                                                                                                                                                                                                                                                                                                                                                                                   000031
10231987175000168817800093673    000050156                    000501560000000000000109                     I0150156     10091900000000200003410000017N010819105700000000000661009190000000000000000000000000000000000000000100005649314543ATAULFO LOPES MURTA JUNIOR              RUA CAJUEIRON 0, SN                     CENTRO      45920000NOVA VICOSA    BAUNIAO UMB DOS CULTOS AFRO BRAS    10091915 000032
21100920190000000000400                                                                                                                                                                                                                                                                                                                                                                                   000033
10231987175000168817800093673    000050155                    000501550000000000000109                     I0150155     10091900000000200003410000017N010819105700000000000661009190000000000000000000000000000000000000000100000864126557IGOR ANDRADE TANIGUSHI                  RUA GERSON MARQUES DA SILVAN 50,        CAPAO REDOND05798100SAO PAULO      SPUNIAO UMB DOS CULTOS AFRO BRAS    10091915 000034
21100920190000000000400                                                                                                                                                                                                                                                                                                                                                                                   000035
10231987175000168817800093673    000050154                    000501540000000000000109                     I0150154     10091900000000200003410000017N010819105700000000000661009190000000000000000000000000000000000000000100010199183732SHANA NAZARETH BARCELLOS FERRE          RUA SETE N 0, LOTE 18 QUADRA 8          JACAROA     24900000MARICA         RJUNIAO UMB DOS CULTOS AFRO BRAS    10091915 000036
21100920190000000000400                                                                                                                                                                                                                                                                                                                                                                                   000037
10231987175000168817800093673    000050153                    000501530000000000000109                     I0150153     10091900000000200003410000017N010819105700000000000661009190000000000000000000000000000000000000000100070822700700SERGIO PONTES CIDADE                    RUA: BENEVENUTO CELINE  N 24,           CABRAL      26515360NILOPOLIS      RJUNIAO UMB DOS CULTOS AFRO BRAS    10091915 000038
21100920190000000000400                                                                                                                                                                                                                                                                                                                                                                                   000039
10231987175000168817800093673    000050152                    000501520000000000000109                     I0150152     10091900000000200003410000017N010819105700000000000661009190000000000000000000000000000000000000000100014923943785CLAUDIOMAR DE ARAUJO XAVIER             RUA UMN 0, CENTRO ESPIRITA              CANTAO      27150530BARRA DO PIRAI RJUNIAO UMB DOS CULTOS AFRO BRAS    10091915 000040
21100920190000000000400                                                                                                                                                                                                                                                                                                                                                                                   000041
10231987175000168817800093673    000050151                    000501510000000000000109                     I0150151     10091900000000200003410000017N010819105700000000000661009190000000000000000000000000000000000000000100074792008468ALEXANDRE TEIXEIRA                      RUA GENERAL LIMA DE FIGUEIREDO N 230, SOREALENGO    21765320RIO DE JANEIRO RJUNIAO UMB DOS CULTOS AFRO BRAS    10091915 000042
21100920190000000000400                                                                                                                                                                                                                                                                                                                                                                                   000043
10231987175000168817800093673    000050150                    000501500000000000000109                     I0150150     10091900000000200003410000017N010819105700000000000661009190000000000000000000000000000000000000000100013385234735PAMELA CUNHA DOS SANTOS                 ESTRADA VELHA DA ESTRELAN 1900,         MEIO DA SERR25635114MAGE           RJUNIAO UMB DOS CULTOS AFRO BRAS    10091915 000044
21100920190000000000400                                                                                                                                                                                                                                                                                                                                                                                   000045
10231987175000168817800093673    000050149                    000501490000000000000109                     I0150149     10091900000000200003410000017N010819105700000000000661009190000000000000000000000000000000000000000100015804037781THIAGO FERMIANO AMORIM (DOTE T          TRAVESSA SAO JORGE N 79,                PINGO D AGUA23028485GUARATIBA      RJUNIAO UMB DOS CULTOS AFRO BRAS    10091915 000046
21100920190000000000400                                                                                                                                                                                                                                                                                                                                                                                   000047
10231987175000168817800093673    000050148                    000501480000000000000109                     I0150148     10091900000000200003410000017N010819105700000000000661009190000000000000000000000000000000000000000100009991289496JOSE JANIELSON DA SILVA (PAI D          RUA JOAO PEREIRA SANTOS N 47,           SAO PEDRO   55660000BEZERROS       PEUNIAO UMB DOS CULTOS AFRO BRAS    10091915 000048
21100920190000000000400                                                                                                                                                                                                                                                                                                                                                                                   000049
10231987175000168817800093673    000050147                    000501470000000000000109                     I0150147     10091900000000200003410000017N010819105700000000000661009190000000000000000000000000000000000000000100009189473752JOANA D ARC DA CONCEICAO                RUA NOVA MADRI  N 217,                  JARDIM CABUC26292318NOVA IGUACU    RJUNIAO UMB DOS CULTOS AFRO BRAS    10091915 000050
21100920190000000000400                                                                                                                                                                                                                                                                                                                                                                                   000051
10231987175000168817800093673    000050146                    000501460000000000000109                     I0150146     10091900000000200003410000017N010819105700000000000661009190000000000000000000000000000000000000000100040145141888JOEL DOS SANTOS                         TRAVESSA CORUJA DO CAMPON 350,          JARDIM RODOL08311410SAO PAULO      SPUNIAO UMB DOS CULTOS AFRO BRAS    10091915 000052
21100920190000000000400                                                                                                                                                                                                                                                                                                                                                                                   000053
10231987175000168817800093673    000050145                    000501450000000000000109                     I0150145     10091900000000200003410000017N010819105700000000000661009190000000000000000000000000000000000000000100010648253708GIZELE MORAES SILVA                     RUA FELIPE MENAN 98, CASA 2             THOMAZ COELH21381000RIO DE JANEIRO RJUNIAO UMB DOS CULTOS AFRO BRAS    10091915 000054
21100920190000000000400                                                                                                                                                                                                                                                                                                                                                                                   000055
10231987175000168817800093673    000050144                    000501440000000000000109                     I0150144     10091900000000200003410000017N010819105700000000000661009190000000000000000000000000000000000000000100081121776787MONICA DOS REIS PEIXOTO                 RUA LIVERPOOLN 25, AP 102               BANGU       21862000RIO DE JANEIRO RJUNIAO UMB DOS CULTOS AFRO BRAS    10091915 000056
21100920190000000000400                                                                                                                                                                                                                                                                                                                                                                                   000057
10231987175000168817800093673    000050143                    000501430000000000000109                     I0150143     10091900000000200003410000017N010819105700000000000661009190000000000000000000000000000000000000000100030644208015JOSE AGOSTINHO WEBER DOS SANTO          RUA CELESTINO BORGES FILHON 98,         VILA MARIA  97300000SAO GABRIEL    RSUNIAO UMB DOS CULTOS AFRO BRAS    10091915 000058
21100920190000000000400                                                                                                                                                                                                                                                                                                                                                                                   000059
10231987175000168817800093673    000050142                    000501420000000000000109                     I0150142     10091900000000200003410000017N010819105700000000000661009190000000000000000000000000000000000000000100090983505004ELISABETE VALQUIRIA VARGAS DOS          RUA UMN 156,                            MARIO QUINTA91270770PORTO ALEGRE   RSUNIAO UMB DOS CULTOS AFRO BRAS    10091915 000060
21100920190000000000400                                                                                                                                                                                                                                                                                                                                                                                   000061
10231987175000168817800093673    000050140                    000501400000000000000109                     I0150140     10091900000000200003410000017N010819105700000000000661009190000000000000000000000000000000000000000100036412048871IGOR LUIS DE CAMARGO                    RUA: JOAO DE ARRUDA PASTANA N 157, APTºCENTRO      13900500AMPARO         SPUNIAO UMB DOS CULTOS AFRO BRAS    10091915 000062
21100920190000000000400                                                                                                                                                                                                                                                                                                                                                                                   000063
10231987175000168817800093673    000050139                    000501390000000000000109                     I0150139     10091900000000200003410000017N010819105700000000000661009190000000000000000000000000000000000000000100009765314701DEBORAH CRISTINA B. CARDOSO (J          RUA: OTACILIO DIAS PEREIRA N 55, CASA 16CABRAL      26515230NILOPOLIS      RJUNIAO UMB DOS CULTOS AFRO BRAS    10091915 000064
21100920190000000000400                                                                                                                                                                                                                                                                                                                                                                                   000065
10231987175000168817800093673    000050138                    000501380000000000000109                     I0150138     10091900000000200003410000017N010819105700000000000661009190000000000000000000000000000000000000000100045754039387ALEXSANDRO CELSO PINTO                  RUA DOS MAMOEIROSN 0, LOTE 6 QUADRA 4   INOA        24943790MARICA         RJUNIAO UMB DOS CULTOS AFRO BRAS    10091915 000066
21100920190000000000400                                                                                                                                                                                                                                                                                                                                                                                   000067
10231987175000168817800093673    000050137                    000501370000000000000109                     I0150137     10091900000000200003410000017N010819105700000000000661009190000000000000000000000000000000000000000100090265335000AMAURI SARMENTO CHANANECO               RUA DOS PACHECOS N 80,                  ITACOLOMI   94175472GRAVATAI       RSUNIAO UMB DOS CULTOS AFRO BRAS    10091915 000068
21100920190000000000400                                                                                                                                                                                                                                                                                                                                                                                   000069
10231987175000168817800093673    000050134                    000501340000000000000109                     I0150134     10091900000000200003410000017N010819105700000000000661009190000000000000000000000000000000000000000100000993569706NELSON LUCIANO DE CASTRO                RUA PROJETADAN 0,                       ITATIQUARA  28970000ARARUAMA       RJUNIAO UMB DOS CULTOS AFRO BRAS    10091915 000070
21100920190000000000400                                                                                                                                                                                                                                                                                                                                                                                   000071
10231987175000168817800093673    000050133                    000501330000000000000109                     I0150133     10091900000000200003410000017N010819105700000000000661009190000000000000000000000000000000000000000100001350694754VICTOR RUBENS DANTAS LEAL               RUA VINTE E NOVE DE SETEMBRON 282,      CARAMBITA   27600000VALENCA        RJUNIAO UMB DOS CULTOS AFRO BRAS    10091915 000072
21100920190000000000400                                                                                                                                                                                                                                                                                                                                                                                   000073
10231987175000168817800093673    000050132                    000501320000000000000109                     I0150132     10091900000000200003410000017N010819105700000000000661009190000000000000000000000000000000000000000100010311418716RUY DOS SANTOS PEREIRA                  RUA ARGELIA N 2291,                     BOA VISTA   24466090SAO GONCALO    RJUNIAO UMB DOS CULTOS AFRO BRAS    10091915 000074
21100920190000000000400                                                                                                                                                                                                                                                                                                                                                                                   000075
10231987175000168817800093673    000050131                    000501310000000000000109                     I0150131     10091900000000200003410000017N010819105700000000000661009190000000000000000000000000000000000000000100002548126781ANDRE PEREIRA PELEGRINO                 RUA BOA VISTA N 60,                     PILAR       25233180DUQUE DE CAXIASRJUNIAO UMB DOS CULTOS AFRO BRAS    10091915 000076
21100920190000000000400                                                                                                                                                                                                                                                                                                                                                                                   000077
10231987175000168817800093673    000050130                    000501300000000000000109                     I0150130     10091900000000200003410000017N010819105700000000000661009190000000000000000000000000000000000000000100008946021799FLAVIO FERREIRA PEREIRA                 RUA EXP. SEBASTIAO CLEMENTE MACHADO N 0,SANTA ISABEL24737820SAO GONCALO    RJUNIAO UMB DOS CULTOS AFRO BRAS    10091915 000078
21100920190000000000400                                                                                                                                                                                                                                                                                                                                                                                   000079
10231987175000168817800093673    000050129                    000501290000000000000109                     I0150129     10091900000000200003410000017N010819105700000000000661009190000000000000000000000000000000000000000100091276438753CENILDA BARBOSA DE SOUZA                RUA SANTA MARIAN 44,                    CAMPO LINDO 23898111SEROPEDICA     RJUNIAO UMB DOS CULTOS AFRO BRAS    10091915 000080
21100920190000000000400                                                                                                                                                                                                                                                                                                                                                                                   000081
10231987175000168817800093673    000050127                    000501270000000000000109                     I0150127     10091900000000200003410000017N010819105700000000000661009190000000000000000000000000000000000000000100086937570082ERIK JONATJAN CALVO ARABI               RUA GENERAL MARQUEZ N 1850,             CENTRO      96300000JAGUARAO       RSUNIAO UMB DOS CULTOS AFRO BRAS    10091915 000082
21100920190000000000400                                                                                                                                                                                                                                                                                                                                                                                   000083
10231987175000168817800093673    000050125                    000501250000000000000109                     I0150125     10091900000000200003410000017N010819105700000000000661009190000000000000000000000000000000000000000100009336291769LUIZ ANDRE DE OLIVEIRA MARTINS          RUA SARAN 75, CONJUNTO NOVA CAMPINHO    CAMPO GRANDE23067447RIO DE JANEIRO RJUNIAO UMB DOS CULTOS AFRO BRAS    10091915 000084
21100920190000000000400                                                                                                                                                                                                                                                                                                                                                                                   000085
10231987175000168817800093673    000050124                    000501240000000000000109                     I0150124     10091900000000200003410000017N010819105700000000000661009190000000000000000000000000000000000000000100086745336200KELLY CRISTIANE MARQUES DA SIL          RUA SETENTRIONAL N 0, S/Nº             ARAXA       68903855MACAPA         APUNIAO UMB DOS CULTOS AFRO BRAS    10091915 000086
21100920190000000000400                                                                                                                                                                                                                                                                                                                                                                                   000087
10231987175000168817800093673    000050123                    000501230000000000000109                     I0150123     10091900000000200003410000017N010819105700000000000661009190000000000000000000000000000000000000000100003089367106DEVERSON LETTIERI JUNIOR                RUA SMPW N 0, QUADRA 17 CONJUNTO 5 LOTE PARK WAY    71741705BRASILIA       DFUNIAO UMB DOS CULTOS AFRO BRAS    10091915 000088
21100920190000000000400                                                                                                                                                                                                                                                                                                                                                                                   000089
10231987175000168817800093673    000050122                    000501220000000000000109                     I0150122     10091900000000200003410000017N010819105700000000000661009190000000000000000000000000000000000000000100056284217749MOZART ALVARENGA FILHO                  RUA LUISA GUIMARAESN 86,                JARDIM MONTE26041660NOVA IGUACU    RJUNIAO UMB DOS CULTOS AFRO BRAS    10091915 000090
21100920190000000000400                                                                                                                                                                                                                                                                                                                                                                                   000091
10231987175000168817800093673    000050121                    000501210000000000000109                     I0150121     10091900000000200003410000017N010819105700000000000661009190000000000000000000000000000000000000000100033217360397ADAILDO ALVES DE MOURA                  RUA 31 DE DEZEMBRON 22, QUADRA 153      JD SAO CRIST65055660SAO LUIS       MAUNIAO UMB DOS CULTOS AFRO BRAS    10091915 000092
21100920190000000000400                                                                                                                                                                                                                                                                                                                                                                                   000093
10231987175000168817800093673    000050120                    000501200000000000000109                     I0150120     10091900000000200003410000017N010819105700000000000661009190000000000000000000000000000000000000000100084654708715LUCAS MAURICIO DA COSTA                 RUA ADOLFO DA SILVA BATISTA N 3,        APOLLO      24856000ITABORAI       RJUNIAO UMB DOS CULTOS AFRO BRAS    10091915 000094
21100920190000000000400                                                                                                                                                                                                                                                                                                                                                                                   000095
10231987175000168817800093673    000050119                    000501190000000000000109                     I0150119     10091900000000200003410000017N010819105700000000000661009190000000000000000000000000000000000000000100012824570717RAGNER ANTONIO NEUMANN                  RUA MARINGA N 123,                      SERRA - BARC29166058ESPIRITO SANTO ESUNIAO UMB DOS CULTOS AFRO BRAS    10091915 000096
21100920190000000000400                                                                                                                                                                                                                                                                                                                                                                                   000097
10231987175000168817800093673    000050118                    000501180000000000000109                     I0150118     10091900000000200003410000017N010819105700000000000661009190000000000000000000000000000000000000000100008754813700ALANA ISABELLE CATHARINO DE A.          RUA UNIAO PAULISTA N 14,                PRAIA DA BRI23028490RIO DE JANEIRO RJUNIAO UMB DOS CULTOS AFRO BRAS    10091915 000098
21100920190000000000400                                                                                                                                                                                                                                                                                                                                                                                   000099
10231987175000168817800093673    000050117                    000501170000000000000109                     I0150117     10091900000000200003410000017N010819105700000000000661009190000000000000000000000000000000000000000100008405754750MARCO ANTONIO RODRIGUES JUNIOR          ESTRADA RIO BAHIA N 218, KM 84 - SERVIDAV. DA REVOLT25950000TERESOPOLIS    RJUNIAO UMB DOS CULTOS AFRO BRAS    10091915 000100
21100920190000000000400                                                                                                                                                                                                                                                                                                                                                                                   000101
10231987175000168817800093673    000050116                    000501160000000000000109                     I0150116     10091900000000200003410000017N010819105700000000000661009190000000000000000000000000000000000000000100038397633200ANDRE LUIZ FERREIRA FRANCO              RUA VINTE E QUATRON 19, QUADRA 51       CONJUNTO OSW69000000MANAUS         AMUNIAO UMB DOS CULTOS AFRO BRAS    10091915 000102
21100920190000000000400                                                                                                                                                                                                                                                                                                                                                                                   000103
10231987175000168817800093673    000050115                    000501150000000000000109                     I0150115     10091900000000200003410000017N010819105700000000000661009190000000000000000000000000000000000000000100009595658413CLEBSON LIMA DA SILVA                   RUA ROSA MARIA CATACHO LORERO N 208,    VELAME      58100000CAMPINA GRANDE PBUNIAO UMB DOS CULTOS AFRO BRAS    10091915 000104
21100920190000000000400                                                                                                                                                                                                                                                                                                                                                                                   000105
10231987175000168817800093673    000050114                    000501140000000000000109                     I0150114     10091900000000200003410000017N010819105700000000000661009190000000000000000000000000000000000000000100013004892782LUIZ HENRIQUE ALVES DALBEM              RUA ARTISTA N 9,                        SANTA CRUZ  23525033RIO DE JANEIRO RJUNIAO UMB DOS CULTOS AFRO BRAS    10091915 000106
21100920190000000000400                                                                                                                                                                                                                                                                                                                                                                                   000107
10231987175000168817800093673    000050113                    000501130000000000000109                     I0150113     10091900000000200003410000017N010819105700000000000661009190000000000000000000000000000000000000000100006381771623LEANDRO PEREIRA FREIRE                  RUA PROF. MARIA APARECIDA F. MACHADO N 6SAO CRISTOVA37550000POUSO ALEGRE   MGUNIAO UMB DOS CULTOS AFRO BRAS    10091915 000108
21100920190000000000400                                                                                                                                                                                                                                                                                                                                                                                   000109
10231987175000168817800093673    000050111                    000501110000000000000109                     I0150111     10091900000000200003410000017N010819105700000000000661009190000000000000000000000000000000000000000100002967224723CELIA REGINA DE OLIVEIRA COELH          RUA DAS VIOLETASN 25, BLOCO 7 APTº 101 MARIA PAULA 24754250SAO GONCALO    RJUNIAO UMB DOS CULTOS AFRO BRAS    10091915 000110
21100920190000000000400                                                                                                                                                                                                                                                                                                                                                                                   000111
10231987175000168817800093673    000050110                    000501100000000000000109                     I0150110     10091900000000200003410000017N010819105700000000000661009190000000000000000000000000000000000000000100085914547580NILSON DE JESUS SILVA - JOSE B          RUA PRIMEIRO DE JUNHON 326,             CENTRO      48460000NOVA SOURE     BAUNIAO UMB DOS CULTOS AFRO BRAS    10091915 000112
21100920190000000000400                                                                                                                                                                                                                                                                                                                                                                                   000113
10231987175000168817800093673    000050109                    000501090000000000000109                     I0150109     10091900000000200003410000017N010819105700000000000661009190000000000000000000000000000000000000000100028053998895FERNANDO DA SILVA                       RUA JOAO BERNADINO DA SILVA N 0,        CORREIA     48905210JUAZEIRO       BAUNIAO UMB DOS CULTOS AFRO BRAS    10091915 000114
21100920190000000000400                                                                                                                                                                                                                                                                                                                                                                                   000115
10231987175000168817800093673    000050108                    000501080000000000000109                     I0150108     10091900000000200003410000017N010819105700000000000661009190000000000000000000000000000000000000000100014036245775LORRAN CABRAL MAIA                      RUA ITASSUNEMAN 2, SITIO LARANJEIRAS    JUNQUEIRA   23860000MANGARATIBA    RJUNIAO UMB DOS CULTOS AFRO BRAS    10091915 000116
21100920190000000000400                                                                                                                                                                                                                                                                                                                                                                                   000117
10231987175000168817800093673    000050107                    000501070000000000000109                     I0150107     10091900000000200003410000017N010819105700000000000661009190000000000000000000000000000000000000000100005237324738VALERIA APARECIDA CONCEICAO DE          RUA EUVIRA DE VASCONCELOSN 0,           SAO JOAO    27140170BARRA DO PIRAI RJUNIAO UMB DOS CULTOS AFRO BRAS    10091915 000118
21100920190000000000400                                                                                                                                                                                                                                                                                                                                                                                   000119
10231987175000168817800093673    000050106                    000501060000000000000109                     I0150106     10091900000000200003410000017N010819105700000000000661009190000000000000000000000000000000000000000100000217160727MARIA ROSA DAS FLORES                   ESTRADA VELHA DE RIO BONITO N 54,       PARACATU    28970000ARARUAMA       RJUNIAO UMB DOS CULTOS AFRO BRAS    10091915 000120
21100920190000000000400                                                                                                                                                                                                                                                                                                                                                                                   000121
10231987175000168817800093673    000050105                    000501050000000000000109                     I0150105     10091900000000200003410000017N010819105700000000000661009190000000000000000000000000000000000000000100003764059702MARCIO ROCHA DE MATOS                   RUA TORRES HOMEMN 781,                  VILA ISABEL 20551070RIO DE JANEIRO RJUNIAO UMB DOS CULTOS AFRO BRAS    10091915 000122
21100920190000000000400                                                                                                                                                                                                                                                                                                                                                                                   000123
10231987175000168817800093673    000050104                    000501040000000000000109                     I0150104     10091900000000200003410000017N010819105700000000000661009190000000000000000000000000000000000000000100007228499743JOANA DARC LEIROZ DE AMORIM             RUA MANHUACUN 509, LOTE 2 CASA 2        VARGEM GRAND22785600RIO DE JANEIRO RJUNIAO UMB DOS CULTOS AFRO BRAS    10091915 000124
21100920190000000000400                                                                                                                                                                                                                                                                                                                                                                                   000125
10231987175000168817800093673    000050103                    000501030000000000000109                     I0150103     10091900000000200003410000017N010819105700000000000661009190000000000000000000000000000000000000000100002532178493ROBSON CESARIO DA SILVA                 RUA SURUBIM N 60,                       CENTRO      54727340SAO LOURENCO DAPEUNIAO UMB DOS CULTOS AFRO BRAS    10091915 000126
21100920190000000000400                                                                                                                                                                                                                                                                                                                                                                                   000127
10231987175000168817800093673    000050101                    000501010000000000000109                     I0150101     10091900000000200003410000017N010819105700000000000661009190000000000000000000000000000000000000000100053786084149ELAINE CRISTINA DE OLIVEIRA             RUA JOSE ROSENDO DOS ANJOSN 0,          TIJUCAS     88200000SANTA CATARINA SCUNIAO UMB DOS CULTOS AFRO BRAS    10091915 000128
21100920190000000000400                                                                                                                                                                                                                                                                                                                                                                                   000129
10231987175000168817800093673    000050100                    000501000000000000000109                     I0150100     10091900000000200003410000017N010819105700000000000661009190000000000000000000000000000000000000000100083732748715JOAO VITOR SILVA                        RUA REDENTOR N 0, LOTE 33               JARDIM REDEN26110090BELFORD ROXO   RJUNIAO UMB DOS CULTOS AFRO BRAS    10091915 000130
21100920190000000000400                                                                                                                                                                                                                                                                                                                                                                                   000131
10231987175000168817800093673    000050099                    000500990000000000000109                     I0150099     10091900000000200003410000017N010819105700000000000661009190000000000000000000000000000000000000000100012133262733THIAGO RODRIGUES FERREIRA               RUA LEDA BORBAN 10,                     RICARDO DE A21665064RIO DE JANEIRO RJUNIAO UMB DOS CULTOS AFRO BRAS    10091915 000132
21100920190000000000400                                                                                                                                                                                                                                                                                                                                                                                   000133
10231987175000168817800093673    000050097                    000500970000000000000109                     I0150097     10091900000000200003410000017N010819105700000000000661009190000000000000000000000000000000000000000100004482162728GRACA CRISTINA DE OLIVEIRA              RUA MARIA AMELIA N 133,                 AREIA BRANCA26135170BELFORD ROXO   RJUNIAO UMB DOS CULTOS AFRO BRAS    10091915 000134
21100920190000000000400                                                                                                                                                                                                                                                                                                                                                                                   000135
10231987175000168817800093673    000050096                    000500960000000000000109                     I0150096     10091900000000200003410000017N010819105700000000000661009190000000000000000000000000000000000000000100097172502787MARCIA ANDRADE XAVIER                   RUA OLIVEIRA ALVARES N 76, CASA 103     IRAJA       21235160RIO DE JANEIRO RJUNIAO UMB DOS CULTOS AFRO BRAS    10091915 000136
21100920190000000000400                                                                                                                                                                                                                                                                                                                                                                                   000137
10231987175000168817800093673    000050094                    000500940000000000000109                     I0150094     10091900000000200003410000017N010819105700000000000661009190000000000000000000000000000000000000000100011182876730TATIANA DANTAS MODENA                   RUA ALVES DO VALE N 106, FUNDOS         VILA VALQUEI21330110RIO DE JANEIRO RJUNIAO UMB DOS CULTOS AFRO BRAS    10091915 000138
21100920190000000000400                                                                                                                                                                                                                                                                                                                                                                                   000139
10231987175000168817800093673    000050093                    000500930000000000000109                     I0150093     10091900000000200003410000017N010819105700000000000661009190000000000000000000000000000000000000000100013095306709GRAZIELE PINHEIRO                       RUA PROF MARIA DE LOURDES MOREIRAN 975, BARAO DE JAV26910000MIGUEL PEREIRA RJUNIAO UMB DOS CULTOS AFRO BRAS    10091915 000140
21100920190000000000400                                                                                                                                                                                                                                                                                                                                                                                   000141
10231987175000168817800093673    000050092                    000500920000000000000109                     I0150092     10091900000000200003410000017N010819105700000000000661009190000000000000000000000000000000000000000100009754217785MAURO DA SILVA VALLE MOREIRA N          RUA: ARAUJO LIMAN 37, APTº 101         VILA ISABEL 20541050RIO DE JANEIRO RJUNIAO UMB DOS CULTOS AFRO BRAS    10091915 000142
21100920190000000000400                                                                                                                                                                                                                                                                                                                                                                                   000143
10231987175000168817800093673    000050091                    000500910000000000000109                     I0150091     10091900000000200003410000017N010819105700000000000661009190000000000000000000000000000000000000000100076966372749LUIZ CLAUDIO TEIXEIRA DE MORAE          RUA: BARAO DO BOM RETIRO N 1318, APTº 4ENGENHO NOVO20715004RIO DE JANEIRO RJUNIAO UMB DOS CULTOS AFRO BRAS    10091915 000144
21100920190000000000400                                                                                                                                                                                                                                                                                                                                                                                   000145
10231987175000168817800093673    000050090                    000500900000000000000109                     I0150090     10091900000000200003410000017N010819105700000000000661009190000000000000000000000000000000000000000100010018860702FABIANO MEDEIROS                        RUA: ALUISIO KELLY N 3, QUADRA 4        JARDIM WILLI26460080JAPERI         RJUNIAO UMB DOS CULTOS AFRO BRAS    10091915 000146
21100920190000000000400                                                                                                                                                                                                                                                                                                                                                                                   000147
10231987175000168817800093673    000050089                    000500890000000000000109                     I0150089     10091900000000200003410000017N010819105700000000000661009190000000000000000000000000000000000000000100006022984408IRANILDO DA SILVA CORDEIRO              RUA: JOAO BATISTA SENHORINHO N 0,       COAB II     55152553BELO JARDIM    PEUNIAO UMB DOS CULTOS AFRO BRAS    10091915 000148
21100920190000000000400                                                                                                                                                                                                                                                                                                                                                                                   000149
10231987175000168817800093673    000050088                    000500880000000000000109                     I0150088     10091900000000200003410000017N010819105700000000000661009190000000000000000000000000000000000000000100025975105811NAICHE DOS ANJOS                        RUA: BORBA GATO N 0,                    HORTOLANDIA 13188151SAO PAULO      SPUNIAO UMB DOS CULTOS AFRO BRAS    10091915 000150
21100920190000000000400                                                                                                                                                                                                                                                                                                                                                                                   000151
10231987175000168817800093673    000050087                    000500870000000000000109                     I0150087     10091900000000200003410000017N010819105700000000000661009190000000000000000000000000000000000000000100001037620780MARCUS VINICIUS CARNEIRO DOS S          RUA: DOS ARAUJOS N 71, CASA 11 APTº 201TIJUCA      20521000RIO DE JANEIRO RJUNIAO UMB DOS CULTOS AFRO BRAS    10091915 000152
21100920190000000000400                                                                                                                                                                                                                                                                                                                                                                                   000153
10231987175000168817800093673    000050085                    000500850000000000000109                     I0150085     10091900000000200003410000017N010819105700000000000661009190000000000000000000000000000000000000000100007336130712MIRIAN DOS SANTOS ALMEIDA               RUA EDGAR WERNEKN 1641,                 JACAREPAGUA 22763011RIO DE JANEIRO RJUNIAO UMB DOS CULTOS AFRO BRAS    10091915 000154
21100920190000000000400                                                                                                                                                                                                                                                                                                                                                                                   000155
10231987175000168817800093673    000050084                    000500840000000000000109                     I0150084     10091900000000200003410000017N010819105700000000000661009190000000000000000000000000000000000000000100008553907783MARCO AURELIO INACIO DOS PRAZE          RUA: URUA N 0, LOTE 17 QUADRA 19        MARINGA     26135680BELFORD ROXO   RJUNIAO UMB DOS CULTOS AFRO BRAS    10091915 000156
21100920190000000000400                                                                                                                                                                                                                                                                                                                                                                                   000157
10231987175000168817800093673    000050082                    000500820000000000000109                     I0150082     31081900000000200003410000017N010819105700000000000663108190000000000000000000000000000000000000000100011527529797LUCIANO DE MEDEIROS MARIA LIMA          ESTRADA: DO MENDANHA N 6259,            CAMPO GRANDE23097005RIO DE JANEIRO RJUNIAO UMB DOS CULTOS AFRO BRAS    31081915 000158
21310820190000000000400                                                                                                                                                                                                                                                                                                                                                                                   000159
10231987175000168817800093673    000050081                    000500810000000000000109                     I0150081     10091900000000200003410000017N010819105700000000000661009190000000000000000000000000000000000000000100007966800784DAISY MARA DE OLIVEIRA E SILVA          RUA: CINQUENTA E UM N 52, SESSENTA      SESSENTA    72560050VOLTA REDONDA  RJUNIAO UMB DOS CULTOS AFRO BRAS    10091915 000160
21100920190000000000400                                                                                                                                                                                                                                                                                                                                                                                   000161
10231987175000168817800093673    000050080                    000500800000000000000109                     I0150080     10091900000000200003410000017N010819105700000000000661009190000000000000000000000000000000000000000100001207195766LUIS ANSELMO PEREIRA DA SILVA           RUA: CAPITANIA SAO FRANCISCO N 0, S/Nº FAROL DE SAO28140000CAMPOS         RJUNIAO UMB DOS CULTOS AFRO BRAS    10091915 000162
21100920190000000000400                                                                                                                                                                                                                                                                                                                                                                                   000163
10231987175000168817800093673    000050079                    000500790000000000000109                     I0150079     10091900000000200003410000017N010819105700000000000661009190000000000000000000000000000000000000000100016185111730LUCAS FABIANO SANTOS FEIJO              RUA ANTONIO SCHIAVON 251,               CENTRO DE JA26443030JAPERI         RJUNIAO UMB DOS CULTOS AFRO BRAS    10091915 000164
21100920190000000000400                                                                                                                                                                                                                                                                                                                                                                                   000165
10231987175000168817800093673    000050078                    000500780000000000000109                     I0150078     10091900000000200003410000017N010819105700000000000661009190000000000000000000000000000000000000000100065779894787GILMAR JORGE BORSATO                    RUA: DIOGENES PADILHARON 106, BLOCO 9 APCENTRO      25807010TRES RIOS      RJUNIAO UMB DOS CULTOS AFRO BRAS    10091915 000166
21100920190000000000400                                                                                                                                                                                                                                                                                                                                                                                   000167
10231987175000168817800093673    000050077                    000500770000000000000109                     I0150077     31081900000000200003410000017N010819105700000000000663108190000000000000000000000000000000000000000100016389969708HIAGO VIEIRA DA SILVA                   RUA SILAS GASPARN 176,                  BNH         28860000CASIMIRO DE ABRRJUNIAO UMB DOS CULTOS AFRO BRAS    31081915 000168
21310820190000000000400                                                                                                                                                                                                                                                                                                                                                                                   000169
10231987175000168817800093673    000050076                    000500760000000000000109                     I0150076     31081900000000200003410000017N010819105700000000000663108190000000000000000000000000000000000000000100018511346899ERICA PASTORINO RIBEIRO                 RUA: ERNESTO AUGUSTO CLETO N 473,       RUDGE RAMOS 09619100SAO BERNARDO DOSPUNIAO UMB DOS CULTOS AFRO BRAS    31081915 000170
21310820190000000000400                                                                                                                                                                                                                                                                                                                                                                                   000171
10231987175000168817800093673    000050075                    000500750000000000000109                     I0150075     31081900000000200003410000017N010819105700000000000663108190000000000000000000000000000000000000000100001356022383ELCIO CADETE SILVA                      TRAVESSA: SAO JOSE N 2,                 SAO BENEDITO65268000CURURUPU       MAUNIAO UMB DOS CULTOS AFRO BRAS    31081915 000172
21310820190000000000400                                                                                                                                                                                                                                                                                                                                                                                   000173
10231987175000168817800093673    000050072                    000500720000000000000109                     I0150072     31081900000000200003410000017N010819105700000000000663108190000000000000000000000000000000000000000100001392458714MARIA MADALENA SILVA DA CONCEI          RUA ELANDRO DA MOTA N 0, LOTE 12 QUADRA PRIMAVERA   25000000DUQUE DE CAXIASRJUNIAO UMB DOS CULTOS AFRO BRAS    31081915 000174
21310820190000000000400                                                                                                                                                                                                                                                                                                                                                                                   000175
10231987175000168817800093673    000050071                    000500710000000000000109                     I0150071     31081900000000200003410000017N010819105700000000000663108190000000000000000000000000000000000000000100008993844712GUILHERME PACHECO SALGADO - BA          RUA: DOUTOR PAULO HERVE N 733,  LOTE 3  BINGEN      25665510PETROPOLIS     RJUNIAO UMB DOS CULTOS AFRO BRAS    31081915 000176
21310820190000000000400                                                                                                                                                                                                                                                                                                                                                                                   000177
10231987175000168817800093673    000050070                    000500700000000000000109                     I0150070     31081900000000200003410000017N010819105700000000000663108190000000000000000000000000000000000000000100003688384474MANOEL REGIANO DUARTE DA SILVA          RUA: HONORIO DE LIMAN 99,               BREJO DOS SA58880000NOVA OLINDA    PRUNIAO UMB DOS CULTOS AFRO BRAS    31081915 000178
21310820190000000000400                                                                                                                                                                                                                                                                                                                                                                                   000179
10231987175000168817800093673    000050069                    000500690000000000000109                     I0150069     31081900000000200003410000017N010819105700000000000663108190000000000000000000000000000000000000000100061432504304CARLOS ALBERTO DOS SANTOS SILV          RUA ALBERTO ELOY COSTAN 17,             SAO GERARDO 60320825FORTALEZA      CEUNIAO UMB DOS CULTOS AFRO BRAS    31081915 000180
21310820190000000000400                                                                                                                                                                                                                                                                                                                                                                                   000181
10231987175000168817800093673    000050068                    000500680000000000000109                     I0150068     31081900000000200003410000017N010819105700000000000663108190000000000000000000000000000000000000000100013387124708WAGNER DIAS DA SILVA                    AVENIDA DA GLORIAN 0,  LOTE 17 B QUADRA NOVA AURORA 26155120BELFORD ROXO   RJUNIAO UMB DOS CULTOS AFRO BRAS    31081915 000182
21310820190000000000400                                                                                                                                                                                                                                                                                                                                                                                   000183
10231987175000168817800093673    000050067                    000500670000000000000109                     I0150067     31081900000000200003410000017N010819105700000000000663108190000000000000000000000000000000000000000100007860111730RENATA SEIBEL MELO                      RUA CURUPAITIN 388,                     ENGENHO DE D20735320RIO DE JANEIRO RJUNIAO UMB DOS CULTOS AFRO BRAS    31081915 000184
21310820190000000000400                                                                                                                                                                                                                                                                                                                                                                                   000185
10231987175000168817800093673    000050066                    000500660000000000000109                     I0150066     31081900000000200003410000017N010819105700000000000663108190000000000000000000000000000000000000000100007886532104VICTOR HUGO ALVES DE OLIVEIRA           RUA SANTA ELVIRAN 754,                  JARDIM ALTO 79116141CAMPO GRANDE   MSUNIAO UMB DOS CULTOS AFRO BRAS    31081915 000186
21310820190000000000400                                                                                                                                                                                                                                                                                                                                                                                   000187
10231987175000168817800093673    000050065                    000500650000000000000109                     I0150065     31081900000000200003410000017N010819105700000000000663108190000000000000000000000000000000000000000100077464087291JOSIAS KENNEDY ROCHA DA SILVA           ESTRADA DO MATADOURON 52, CASA 5        CAMPINA DE I66813640BELEM          PAUNIAO UMB DOS CULTOS AFRO BRAS    31081915 000188
21310820190000000000400                                                                                                                                                                                                                                                                                                                                                                                   000189
10231987175000168817800093673    000050064                    000500640000000000000109                     I0150064     31081900000000200003410000017N010819105700000000000663108190000000000000000000000000000000000000000100093571232704ROBISON DE OLIVEIRA PINTO               RUA JORNALISTA PAULO REDER N 335, CASA 1SANTA CRUZ  23220245RIO DE JANEIRO RJUNIAO UMB DOS CULTOS AFRO BRAS    31081915 000190
21310820190000000000400                                                                                                                                                                                                                                                                                                                                                                                   000191
10231987175000168817800093673    000050062                    000500620000000000000109                     I0150062     31081900000000200003410000017N010819105700000000000663108190000000000000000000000000000000000000000100088193160720VALMIR DE OLIVEIRA GOMES                ESTRADA PORTO NACIONALN 257, CASA       BANGU       21870380RIO DE JANEIRO RJUNIAO UMB DOS CULTOS AFRO BRAS    31081915 000192
21310820190000000000400                                                                                                                                                                                                                                                                                                                                                                                   000193
10231987175000168817800093673    000050061                    000500610000000000000109                     I0150061     31081900000000200003410000017N010819105700000000000663108190000000000000000000000000000000000000000100033498636391FRANCISCO ANTONIO GONCALVES DE          RUA: QUINTA TRAVESSA DA PEDREIRA N 184, TESO DURO   65603643CAXIAS         MAUNIAO UMB DOS CULTOS AFRO BRAS    31081915 000194
21310820190000000000400                                                                                                                                                                                                                                                                                                                                                                                   000195
10231987175000168817800093673    000050059                    000500590000000000000109                     I0150059     31081900000000200003410000017N010819105700000000000663108190000000000000000000000000000000000000000100002674910771ANA BEATRIZ TAVARES                     RUA BROMELIAS N 59 N 59, CONDOMINIO VALEVILA HELENA 27120335BARRA DO PIRAI RJUNIAO UMB DOS CULTOS AFRO BRAS    31081915 000196
21310820190000000000400                                                                                                                                                                                                                                                                                                                                                                                   000197
10231987175000168817800093673    000050058                    000500580000000000000109                     I0150058     31081900000000200003410000017N010819105700000000000663108190000000000000000000000000000000000000000100047076356449JOSE VALDENICIO ALVES                   RUA SEBASTIAO NATANAEL DE SOUZAN 126,   JOSE MACIEL 55151640BELO JARDIM    PEUNIAO UMB DOS CULTOS AFRO BRAS    31081915 000198
21310820190000000000400                                                                                                                                                                                                                                                                                                                                                                                   000199
10231987175000168817800093673    000050057                    000500570000000000000109                     I0150057     31081900000000200003410000017N010819105700000000000663108190000000000000000000000000000000000000000100013785300719CARLOS HENRIQUE DA CONCEICAO C          RUA ARQUIMEDES RODRIGUES DE FREITASN 216BELVEDERE DA27113075BARRA DO PIRAI RJUNIAO UMB DOS CULTOS AFRO BRAS    31081915 000200
21310820190000000000400                                                                                                                                                                                                                                                                                                                                                                                   000201
10231987175000168817800093673    000050056                    000500560000000000000109                     I0150056     31081900000000200003410000017N010819105700000000000663108190000000000000000000000000000000000000000100005506169779WASHINGTON NOGUEIRA DOS SANTOS          RUA: OURIQUEN 154,                      PENHA CIRCUL21011130RIO DE JANEIRO RJUNIAO UMB DOS CULTOS AFRO BRAS    31081915 000202
21310820190000000000400                                                                                                                                                                                                                                                                                                                                                                                   000203
10231987175000168817800093673    000050055                    000500550000000000000109                     I0150055     31081900000000200003410000017N010819105700000000000663108190000000000000000000000000000000000000000100009020096729JULIO CESAR VASCONCELOS BORGES          RUA: ALVARO LAURINDO DE OLIVEIRAN 1116, ITAMBI      24866548ITABORAI       RJUNIAO UMB DOS CULTOS AFRO BRAS    31081915 000204
21310820190000000000400                                                                                                                                                                                                                                                                                                                                                                                   000205
10231987175000168817800093673    000050054                    000500540000000000000109                     I0150054     31081900000000200003410000017N010819105700000000000663108190000000000000000000000000000000000000000100005447634750CRISTIANO DIEFENTHAELER                 RUA: DINAMARCAN 639,                    ALBUQUERQUE 25977035TERESOPOLIS    RJUNIAO UMB DOS CULTOS AFRO BRAS    31081915 000206
21310820190000000000400                                                                                                                                                                                                                                                                                                                                                                                   000207
10231987175000168817800093673    000050053                    000500530000000000000109                     I0150053     31081900000000200003410000017N010819105700000000000663108190000000000000000000000000000000000000000100003346670708ANDREA DA SILVA CORDEIRO                RUA: DONA HELENAN 141,                  JARDIM DA VI26013530NOVA IGUACU    RJUNIAO UMB DOS CULTOS AFRO BRAS    31081915 000208
21310820190000000000400                                                                                                                                                                                                                                                                                                                                                                                   000209
10231987175000168817800093673    000050052                    000500520000000000000109                     I0150052     31081900000000200003410000017N010819105700000000000663108190000000000000000000000000000000000000000100015613730792YAGO DOS SANTOS LUGAO                   RUA: CAROLINA AMADON 1138, CASA 3 FUNDOSIRAJA       21361320RIO DE JANEIRO RJUNIAO UMB DOS CULTOS AFRO BRAS    31081915 000210
21310820190000000000400                                                                                                                                                                                                                                                                                                                                                                                   000211
10231987175000168817800093673    000050051                    000500510000000000000109                     I0150051     31081900000000400003410000017N010819105700000000001323108190000000000000000000000000000000000000000100011723366790MAYCON ALVES PEREIRA                    RUA: PIAUIN 10,                         GUARANI     28991490SAQUAREMA      RJUNIAO UMB DOS CULTOS AFRO BRAS    31081915 000212
21310820190000000000800                                                                                                                                                                                                                                                                                                                                                                                   000213
10231987175000168817800093673    000050050                    000500500000000000000109                     I0150050     31081900000000400003410000017N010819105700000000001323108190000000000000000000000000000000000000000100089572220730SIMONE DA SILVA SANT ANA                RUA: AMALIAN 200,                       SEPETIBA    23535050RIO DE JANEIRO RJUNIAO UMB DOS CULTOS AFRO BRAS    31081915 000214
21310820190000000000800                                                                                                                                                                                                                                                                                                                                                                                   000215
10231987175000168817800093673    000050049                    000500490000000000000109                     I0150049     31081900000000400003410000017N010819105700000000001323108190000000000000000000000000000000000000000100039021313812ANDRE VALENTE FRANCO                    RUA: FRAGARIA ROSEAN 399,               PIRITUBA    02945080SAO PAULO      SPUNIAO UMB DOS CULTOS AFRO BRAS    31081915 000216
21310820190000000000800                                                                                                                                                                                                                                                                                                                                                                                   000217
10231987175000168817800093673    000050048                    000500480000000000000109                     I0150048     31081900000000400003410000017N010819105700000000001323108190000000000000000000000000000000000000000100090535715749CELSO LUIZ JARDIM DE OLIVEIRA           RUA: GEORGE ALAN N 33,                  LARGO DO BAR24110125NITEROI        RJUNIAO UMB DOS CULTOS AFRO BRAS    31081915 000218
21310820190000000000800                                                                                                                                                                                                                                                                                                                                                                                   000219
10231987175000168817800093673    000050046                    000500460000000000000109                     I0150046     31081900000000400003410000017N010819105700000000001323108190000000000000000000000000000000000000000100040068023820INGRID DANIELA FERREIRA                 RUA: JOSE GARCIA DE CARVALHON 0,        JARDIM ARIAN16400460LINS           SPUNIAO UMB DOS CULTOS AFRO BRAS    31081915 000220
21310820190000000000800                                                                                                                                                                                                                                                                                                                                                                                   000221
10231987175000168817800093673    000050044                    000500440000000000000109                     I0150044     31081900000000400003410000017N010819105700000000001323108190000000000000000000000000000000000000000100073932590791SEVERINO FELINTO DOS SANTOS             RUA FELIPE CAMARAON 173,                MARACANA    20550165RIO DE JANEIRO RJUNIAO UMB DOS CULTOS AFRO BRAS    31081915 000222
21310820190000000000800                                                                                                                                                                                                                                                                                                                                                                                   000223
10231987175000168817800093673    000050043                    000500430000000000000109                     I0150043     31081900000000400003410000017N010819105700000000001323108190000000000000000000000000000000000000000100011418098779EDUARDO DA SILVA CARDOZO                AVENIDA MARECHAL FONTENELLEN 755, RUA: BCAMPO DOS AF21740001RIO DE JANEIRO RJUNIAO UMB DOS CULTOS AFRO BRAS    31081915 000224
21310820190000000000800                                                                                                                                                                                                                                                                                                                                                                                   000225
10231987175000168817800093673    000050042                    000500420000000000000109                     I0150042     31081900000000400003410000017N010819105700000000001323108190000000000000000000000000000000000000000100000853849250MANOEL NAZARENO SOUZA AMORIM            RUA ANTONIO GERMANON 5750,              AGROVILA SAN68747000CASTANHAL      PAUNIAO UMB DOS CULTOS AFRO BRAS    31081915 000226
21310820190000000000800                                                                                                                                                                                                                                                                                                                                                                                   000227
10231987175000168817800093673    000050041                    000500410000000000000109                     I0150041     31081900000000400003410000017N010819105700000000001323108190000000000000000000000000000000000000000100028257955850ANDRE RODRIGUES DE OLIVEIRA             RUA CANDIDA ROSAN 79,                   JARDIM KERAL03828140SAO PAULO      SPUNIAO UMB DOS CULTOS AFRO BRAS    31081915 000228
21310820190000000000800                                                                                                                                                                                                                                                                                                                                                                                   000229
10231987175000168817800093673    000050040                    000500400000000000000109                     I0150040     31081900000000400003410000017N010819105700000000001323108190000000000000000000000000000000000000000100002960662300CRISTIANO ALVES DOS SANTOS              RUA REIS FILHON 5,                      CENTRO      36455000LAMIM          MGUNIAO UMB DOS CULTOS AFRO BRAS    31081915 000230
21310820190000000000800                                                                                                                                                                                                                                                                                                                                                                                   000231
10231987175000168817800093673    000050039                    000500390000000000000109                     I0150039     31081900000000400003410000017N010819105700000000001323108190000000000000000000000000000000000000000100004116092380CLEUDIOMAR RIBEIRO DA CONCEICA          RUA SANTO ANTONION 20,                  SANTA RITA D65580000TUTOIA         MAUNIAO UMB DOS CULTOS AFRO BRAS    31081915 000232
21310820190000000000800                                                                                                                                                                                                                                                                                                                                                                                   000233
10231987175000168817800093673    000050038                    000500380000000000000109                     I0150038     31081900000000400003410000017N010819105700000000001323108190000000000000000000000000000000000000000100011324263750NATASHA MACHADO SOARES                  ALAMEDA SAO BOAVENTURAN 342,            FONSECA     24120196NITEROI        RJUNIAO UMB DOS CULTOS AFRO BRAS    31081915 000234
21310820190000000000800                                                                                                                                                                                                                                                                                                                                                                                   000235
10231987175000168817800093673    000050037                    000500370000000000000109                     I0150037     31081900000000400003410000017N010819105700000000001323108190000000000000000000000000000000000000000100005932478764GABRIEL HAUSSMAM DA SILVA               RUA C N 293, APT 304                    PARQUE DAS I27211020VOLTA REDONDA  RJUNIAO UMB DOS CULTOS AFRO BRAS    31081915 000236
21310820190000000000800                                                                                                                                                                                                                                                                                                                                                                                   000237
10231987175000168817800093673    000050036                    000500360000000000000109                     I0150036     31081900000000400003410000017N010819105700000000001323108190000000000000000000000000000000000000000100002097498736JANE TANY                               RUA ESPIRITO SANTO N 155,               COREIA      26556340MESQUITA       RJUNIAO UMB DOS CULTOS AFRO BRAS    31081915 000238
21310820190000000000800                                                                                                                                                                                                                                                                                                                                                                                   000239
10231987175000168817800093673    000050035                    000500350000000000000109                     I0150035     31081900000000400003410000017N010819105700000000001323108190000000000000000000000000000000000000000100000361715730MARCOS DIAS VALE                        RUA DAS FLORESN 29,                     IPIRANGA    26293450NOVA IGUACU    RJUNIAO UMB DOS CULTOS AFRO BRAS    31081915 000240
21310820190000000000800                                                                                                                                                                                                                                                                                                                                                                                   000241
9                                                                                                                                                                                                                                                                                                                                                                                                         000242
