01REMESSA01COBRANCA       817800093673        União Umb dos Cultos Afro Bra341BANCO ITAU SA  180118                                                                                                                                                                                                                                                                                                      000001
10231987175000168817800093673    00009039                     000090390000000000000109                     I019039      25011800000000070003410000017N170118104700000000000102501180000000000000000000000000000000000000000100012727461780SUELMIR LIMA DE ARAUJO                  RUA NOSSA SENHORA DAS GRACAS N 98       PRAIA DO ANI25925708MAGE           RJUNIAO UMB DOS CULTOS AFRO BRAS    25011810 000002
10231987175000168817800093673    00009038                     000090380000000000000109                     I019038      20021800000000035003410000017N170118104700000000000102002180000000000000000000000000000000000000000100090617249744RAQUEL DA PAZ                           RUA ITABIBOCA LOTE 10 QUADRA 342 (ANTIGAPARADA MORAB25265188DUQUE DE CAXIASRJUNIAO UMB DOS CULTOS AFRO BRAS    20021810 000003
10231987175000168817800093673    00009037                     000090370000000000000109                     I019037      20021800000000105003410000017N170118104700000000000102002180000000000000000000000000000000000000000100053011783772MARIA APARECIDA DA SILVA                RUA JOANA RESENDE, 61 - FAZENDA CAXIAS  SEROPEDICA -23836380RIO DE JANEIRO RJUNIAO UMB DOS CULTOS AFRO BRAS    20021810 000004
10231987175000168817800093673    00009036                     000090360000000000000109                     I019036      24011800000000035003410000017N170118104700000000000102401180000000000000000000000000000000000000000100011549239759RENATA DE OLIVEIRA GASPAR               O MESMO                                 O MESMO     21350230RIO DE JANEIRO RJUNIAO UMB DOS CULTOS AFRO BRAS    24011810 000005
10231987175000168817800093673    00009035                     000090350000000000000109                     I019035      28021800000000035003410000017N170118104700000000000102802180000000000000000000000000000000000000000100005964958702MARISLEY AMARO DE SOUZA                 RUA MONTE ALTO                          BANGU       21863010RIO DE JANEIRO RJUNIAO UMB DOS CULTOS AFRO BRAS    28021810 000006
10231987175000168817800093673    00009034                     000090340000000000000109                     I019034      28021800000000035003410000017N160118104700000000000102802180000000000000000000000000000000000000000100015197047712MARCELLE SOARES ZIMBRAO                 RUA: NOSSA SENHORA DAS GRACAS Nº 11    MOSELA - PET25675111PETROPOLIS     RJUNIAO UMB DOS CULTOS AFRO BRAS    28021810 000007
10231987175000168817800093673    00008117                     000081170000000000000109                     I018117      28021800000000035003410000017N291217104700000000000102802180000000000000000000000000000000000000000100053112032772SERGIO RITO FRANCISCO DA SILVA          AV JOAO XXIII RUA 17, 148 CASA 1 E 2    CONJ. NOVO M23565230RIO DE JANEIRO RJUNIAO UMB DOS CULTOS AFRO BRAS    28021810 000008
10231987175000168817800093673    00006208                     000062080000000000000109                     I016208      28021800000000035003410000017N271217104700000000000102802180000000000000000000000000000000000000000100082347301772MARISTELA TORQUATO SILVA BRITT          O MESMO                                 O MESMO     26535340NILOPOLIS      RJUNIAO UMB DOS CULTOS AFRO BRAS    28021810 000009
10231987175000168817800093673    00006154                     000061540000000000000109                     I016154      28021800000000035003410000017N271217104700000000000102802180000000000000000000000000000000000000000100043082033768LEILA RAMOS DE OLIVEIRA                 RUA CAPIBARIBE, 361                     CABUCU - NOV26346290NOVA IGUACU    RJUNIAO UMB DOS CULTOS AFRO BRAS    28021810 000010
10231987175000168817800093673    00004958                     000049580000000000000109                     I014958      31011800000000035003410000017N261217104700000000000103101180000000000000000000000000000000000000000100082347301772MARISTELA TORQUATO SILVA BRITT          O MESMO                                 O MESMO     26535340NILOPOLIS      RJUNIAO UMB DOS CULTOS AFRO BRAS    31011810 000011
10231987175000168817800093673    00004904                     000049040000000000000109                     I014904      31011800000000035003410000017N261217104700000000000103101180000000000000000000000000000000000000000100043082033768LEILA RAMOS DE OLIVEIRA                 RUA CAPIBARIBE, 361                     CABUCU - NOV26346290NOVA IGUACU    RJUNIAO UMB DOS CULTOS AFRO BRAS    31011810 000012
10231987175000168817800093673    00001144                     000011440000000000000109                     I341144      20121700000000340003410000017N241017104700000000000102012170000000000000000000000000000000000000000100058500120797CIRLEA SALDANHA DA COSTA                RUA CARAMURU, LOTE 7 QUADRA 54          PRACA DA BAN25560110SAO JOAO DE MERRJUNIAO UMB DOS CULTOS AFRO BRAS    20121710 000013
10231987175000168817800093673    0000796                      000007960000000000000109                     I01796       25011800000000300003410000017N171017104700000000000102501180000000000000000000000000000000000000000100053112032772SERGIO RITO FRANCISCO DA SILVA          AV JOAO XXIII RUA 17, 148 CASA 1 E 2    CONJ. NOVO M23565230RIO DE JANEIRO RJUNIAO UMB DOS CULTOS AFRO BRAS    25011810 000014
9                                                                                                                                                                                                                                                                                                                                                                                                         000015
