01REMESSA01COBRANCA       916200163100        UniÃ£o Umb dos Cultos Afro Bra341BANCO ITAU SA  120819                                                                                                                                                                                                                                                                                                      000001
10231987175000168916200163100    000054025                    000540250000000000000109                     I0154025     20081900000000160003410000017N120819105700000000000532008190000000000000000000000000000000000000000100003230389727LENIRA FELIX DA SILVA                   RUA ULISSES ROBERTON 1524,              BOACU       24467490SAO GONCALO    RJUNIAO UMB DOS CULTOS AFRO BRAS    20081915 000002
21200820190000000000320                                                                                                                                                                                                                                                                                                                                                                                   000003
10231987175000168916200163100    000054024                    000540240000000000000109                     I0154024     15081900000000160003410000017N120819105700000000000531508190000000000000000000000000000000000000000100003230389727LENIRA FELIX DA SILVA                   RUA ULISSES ROBERTON 1524,              BOACU       24467490SAO GONCALO    RJUNIAO UMB DOS CULTOS AFRO BRAS    15081915 000004
21150820190000000000320                                                                                                                                                                                                                                                                                                                                                                                   000005
10231987175000168916200163100    000054023                    000540230000000000000109                     I0154023     20081900000000225003410000017N120819105700000000000742008190000000000000000000000000000000000000000100055570720715ATILA CARDOSO DE LIMA                   RUA EUGENIO SOARESN 270,                JUSCELINO   26550007MESQUITA       RJUNIAO UMB DOS CULTOS AFRO BRAS    20081915 000006
21200820190000000000450                                                                                                                                                                                                                                                                                                                                                                                   000007
10231987175000168916200163100    000054022                    000540220000000000000109                     I0154022     16081900000000160003410000017N120819105700000000000531608190000000000000000000000000000000000000000100065096100782TANIA REGINA FIRMINO                    RUA PARAN 13,                           JARDIM VISTA25235202DUQUE DE CAXIASRJUNIAO UMB DOS CULTOS AFRO BRAS    16081915 000008
21160820190000000000320                                                                                                                                                                                                                                                                                                                                                                                   000009
10231987175000168916200163100    000054021                    000540210000000000000109                     I0154021     15081900000000080003410000017N120819105700000000000261508190000000000000000000000000000000000000000100011304690776FABIO DIAS DA SILVA                     RUA CAPITAO MACHADON 604, CASAS 2 E 3   PRACA SECA  21320030RIO DE JANEIRO RJUNIAO UMB DOS CULTOS AFRO BRAS    15081915 000010
21150820190000000000160                                                                                                                                                                                                                                                                                                                                                                                   000011
10231987175000168916200163100    000054020                    000540200000000000000109                     I0154020     16081900000000400003410000017N120819105700000000001321608190000000000000000000000000000000000000000100021953759734MANUEL PEREIRA                          AVENIDA LUCIO COSTAN 4600, BLOCO 6  APTÂBARRA DA TIJ22630011RIO DE JANEIRO RJUNIAO UMB DOS CULTOS AFRO BRAS    16081915 000012
21160820190000000000800                                                                                                                                                                                                                                                                                                                                                                                   000013
10231987175000168916200163100    000054019                    000540190000000000000109                     I0154019     20081900000000400003410000017N120819105700000000001322008190000000000000000000000000000000000000000100077175522720ARLINE FAUSTINA DA SILVA MAGNO          RUA GILMAR WILSON FRANCISCON 0, CASA 4 QBOA FE      23855004SEROPEDICA     RJUNIAO UMB DOS CULTOS AFRO BRAS    20081915 000014
21200820190000000000800                                                                                                                                                                                                                                                                                                                                                                                   000015
10231987175000168916200163100    000054018                    000540180000000000000109                     I0154018     20081900000000350003410000017N120819105700000000001162008190000000000000000000000000000000000000000100000001795740MARINA CEZARIO AMARAL                   RUA CORONEL JOAQUIM MENDESN 38,         COLUBANDE   24744570SAO GONCALO    RJUNIAO UMB DOS CULTOS AFRO BRAS    20081915 000016
21200820190000000000700                                                                                                                                                                                                                                                                                                                                                                                   000017
10231987175000168916200163100    000049797                    000497970000000000000109                     I0249797     30091900000000040003410000017N260619105700000000000133009190000000000000000000000000000000000000000100002887184709MAURO DA SILVA                          RUA MARIA HELENA COUTINHO CAPOBIANCO N 2JARDIM VALEN27600000VALENCA        RJUNIAO UMB DOS CULTOS AFRO BRAS    30091915 000018
21300920190000000000080                                                                                                                                                                                                                                                                                                                                                                                   000019
10231987175000168916200163100    000049796                    000497960000000000000109                     I0249796     30081900000000040003410000017N260619105700000000000133008190000000000000000000000000000000000000000100002887184709MAURO DA SILVA                          RUA MARIA HELENA COUTINHO CAPOBIANCO N 2JARDIM VALEN27600000VALENCA        RJUNIAO UMB DOS CULTOS AFRO BRAS    30081915 000020
21300820190000000000080                                                                                                                                                                                                                                                                                                                                                                                   000021
10231987175000168916200163100    000049795                    000497950000000000000109                     I0249795     31071900000000040003410000017N260619105700000000000133107190000000000000000000000000000000000000000100002887184709MAURO DA SILVA                          RUA MARIA HELENA COUTINHO CAPOBIANCO N 2JARDIM VALEN27600000VALENCA        RJUNIAO UMB DOS CULTOS AFRO BRAS    31071915 000022
21310720190000000000080                                                                                                                                                                                                                                                                                                                                                                                   000023
9                                                                                                                                                                                                                                                                                                                                                                                                         000024
