01REMESSA01COBRANCA       916200163100        União Umb dos Cultos Afro Bra341BANCO ITAU SA  240118                                                                                                                                                                                                                                                                                                      000001
10231987175000168916200163100    00009066                     000090660000000000000109                     I029066      28021800000000035003410000017N230118104700000000000102802180000000000000000000000000000000000000000100001230614745LUIZ ANTONIO MARQUES TONDATO            CARTA ANISTIA AGO 2017                  IPIRANGA - N21360000RIO DE JANEIRO RJUNIAO UMB DOS CULTOS AFRO BRAS    28021810 000002
10231987175000168916200163100    00008763                     000087630000000000000109                     I028763      31011800000000035003410000017N020118104700000000000103101180000000000000000000000000000000000000000100002411217790WANDERLEI DA CONCEICAO LUIZ             RUA PEREIRA DA NOBREGA, 297 CASA 3      MARECHAL HER21610460RIO DE JANEIRO RJUNIAO UMB DOS CULTOS AFRO BRAS    31011810 000003
10231987175000168916200163100    00008440                     000084400000000000000109                     I028440      31011800000000035003410000017N020118104700000000000103101180000000000000000000000000000000000000000100075487640734MARIA VIRGINIA TIAGO DA SILVA           RUA DO ALGODAO N 786                    RICARDO DE A21620040RIO DE JANEIRO RJUNIAO UMB DOS CULTOS AFRO BRAS    31011810 000004
10231987175000168916200163100    00004417                     000044170000000000000109                     I024417      22121700000000350003410000017N171117104700000000000102212170000000000000000000000000000000000000000100088640809704JULIO CESAR SARAIVA PIRES               ESTRADA SANTA MAURA N 103               CURICICA - J22780170RIO DE JANEIRO RJUNIAO UMB DOS CULTOS AFRO BRAS    22121710 000005
10231987175000168916200163100    00004253                     000042530000000000000109                     I024253      22121700000000350003410000017N171117104700000000000102212170000000000000000000000000000000000000000100008604956719MIRIAN DE MATTOS ALVES                  AVENIDA MOACIR SARAIVA DE CARVALHO, LOTEJD METROPOLI25571190SAO JOAO DE MERRJUNIAO UMB DOS CULTOS AFRO BRAS    22121710 000006
10231987175000168916200163100    00004034                     000040340000000000000109                     I024034      22121700000000350003410000017N171117104700000000000102212170000000000000000000000000000000000000000100099715554768ZARELDA DE SOUZA ESTEVAO                RUA: VALDOMIRO RAIMUNDO Nº 460 - COIMBRBARRA DO PIR27115270BARRA DO PIRAI RJUNIAO UMB DOS CULTOS AFRO BRAS    22121710 000007
10231987175000168916200163100    00003852                     000038520000000000000109                     I023852      22121700000000350003410000017N171117104700000000000102212170000000000000000000000000000000000000000100080609066749ELIANE RODRIGUES PIRES                  RUA PARAMIRIM, 710                      BENTO RIBEIR21550610RIO DE JANEIRO RJUNIAO UMB DOS CULTOS AFRO BRAS    22121710 000008
10231987175000168916200163100    00003505                     000035050000000000000109                     I023505      22121700000000350003410000017N171117104700000000000102212170000000000000000000000000000000000000000100049586254704ALZIRA MARIA CHAVES DA SILVA            RUA AMANAJO N 677                       BANGU - RIO 21820210RIO DE JANEIRO RJUNIAO UMB DOS CULTOS AFRO BRAS    22121710 000009
10231987175000168916200163100    00003247                     000032470000000000000109                     I023247      22121700000000350003410000017N171117104700000000000102212170000000000000000000000000000000000000000100066564689772CARLOS DE ARAUJO RIBEIRO                RUA DIVISORIA, 235                      BENTO RIBEIR21331250RIO DE JANEIRO RJUNIAO UMB DOS CULTOS AFRO BRAS    22121710 000010
10231987175000168916200163100    00002801                     000028010000000000000109                     I022801      31121700000000035003410000017N131117104700000000000103112170000000000000000000000000000000000000000100008604956719MIRIAN DE MATTOS ALVES                  AVENIDA MOACIR SARAIVA DE CARVALHO, LOTEJD METROPOLI25571190SAO JOAO DE MERRJUNIAO UMB DOS CULTOS AFRO BRAS    31121710 000011
9                                                                                                                                                                                                                                                                                                                                                                                                         000012
