01REMESSA01COBRANCA       916200163100        União Umb dos Cultos Afro Bra341BANCO ITAU SA  050318                                                                                                                                                                                                                                                                                                      000001
10231987175000168916200163100    000014160                    000141600000000000000109                     I0114160     30051800000000040003410000017N050318104700000000000103005180000000000000000000000000000000000000000100094635650782ALFREDO DOMINGOS HAFNER                 O MESMO                                 O MESMO     25931606MAGE           RJUNIAO UMB DOS CULTOS AFRO BRAS    30051810 000002
10231987175000168916200163100    000014159                    000141590000000000000109                     I0114159     30041800000000040003410000017N050318104700000000000103004180000000000000000000000000000000000000000100094635650782ALFREDO DOMINGOS HAFNER                 O MESMO                                 O MESMO     25931606MAGE           RJUNIAO UMB DOS CULTOS AFRO BRAS    30041810 000003
10231987175000168916200163100    000014158                    000141580000000000000109                     I0114158     30031800000000035003410000017N050318104700000000000103003180000000000000000000000000000000000000000100066564689772CARLOS DE ARAUJO RIBEIRO                RUA DIVISORIA, 235                      BENTO RIBEIR21331250RIO DE JANEIRO RJUNIAO UMB DOS CULTOS AFRO BRAS    30031810 000004
10231987175000168916200163100    000014157                    000141570000000000000109                     I0114157     30031800000000040003410000017N050318104700000000000103003180000000000000000000000000000000000000000100094635650782ALFREDO DOMINGOS HAFNER                 O MESMO                                 O MESMO     25931606MAGE           RJUNIAO UMB DOS CULTOS AFRO BRAS    30031810 000005
10231987175000168916200163100    000014156                    000141560000000000000109                     I0114156     06031800000000070003410000017N050318104700000000000100603180000000000000000000000000000000000000000200000000006480VERA LUCIA DA CRUZ NEVES                O MESMO                                 O MESMO     23017210RIO DE JANEIRO RJUNIAO UMB DOS CULTOS AFRO BRAS    06031810 000006
10231987175000168916200163100    000014155                    000141550000000000000109                     I0114155     30031800000000070003410000017N050318104700000000000103003180000000000000000000000000000000000000000100081632746700LEILA DOS SANTOS SILVA                  RUA VIRGILIO BRIGIDO, 369               CAMPO GRANDE23045805RIO DE JANEIRO RJUNIAO UMB DOS CULTOS AFRO BRAS    30031810 000007
10231987175000168916200163100    000014138                    000141380000000000000109                     I3414138     15031800000000350003410000017N010318104700000000000101503180000000000000000000000000000000000000000100052357023791DILMA DA SILVA BILONIA                  RUA CERES N 603                         BANGU - RJ  21862070RIO DE JANEIRO RJUNIAO UMB DOS CULTOS AFRO BRAS    15031810 000008
10231987175000168916200163100    000014128                    000141280000000000000109                     I3414128     10031800000000419633410000017N280218104700000000000101003180000000000000000000000000000000000000000100068760680725ANNA LUCIA DE SOUZA                     RUA: JOAO DANIEL                        BENTO RIBEIR21550480RIO DE JANEIRO RJUNIAO UMB DOS CULTOS AFRO BRAS    10031810 000009
10231987175000168916200163100    000014095                    000140950000000000000109                     I0214095     10041800000000350003410000017N270218104700000000000101004180000000000000000000000000000000000000000100069222118715MARIA LUCIA DOS SANTOS FERREIR          RUA FLORIANO PINHEIRO DE CAMPOS N 2     GUARATIBA   21660230RIO DE JANEIRO RJUNIAO UMB DOS CULTOS AFRO BRAS    10041810 000010
10231987175000168916200163100    000014083                    000140830000000000000109                     I0214083     30051800000000040003410000017N270218104700000000000103005180000000000000000000000000000000000000000100085759600753VERALUCIA DE SOUZA                      RUA NELCINA, 3 CASA 8                   JACAREPAGUA 22753043RIO DE JANEIRO RJUNIAO UMB DOS CULTOS AFRO BRAS    30051810 000011
10231987175000168916200163100    000014082                    000140820000000000000109                     I0214082     30041800000000040003410000017N270218104700000000000103004180000000000000000000000000000000000000000100085759600753VERALUCIA DE SOUZA                      RUA NELCINA, 3 CASA 8                   JACAREPAGUA 22753043RIO DE JANEIRO RJUNIAO UMB DOS CULTOS AFRO BRAS    30041810 000012
10231987175000168916200163100    000014081                    000140810000000000000109                     I0214081     30031800000000040003410000017N270218104700000000000103003180000000000000000000000000000000000000000100085759600753VERALUCIA DE SOUZA                      RUA NELCINA, 3 CASA 8                   JACAREPAGUA 22753043RIO DE JANEIRO RJUNIAO UMB DOS CULTOS AFRO BRAS    30031810 000013
10231987175000168916200163100    000013995                    000139950000000000000109                     I0213995     05031800000000210003410000017N220218104700000000000100503180000000000000000000000000000000000000000100014806247723JEFFERSON DA CUNHA AREAS                RUA DOZE, 196                           NOVA MARILIA25900000MAGE           RJUNIAO UMB DOS CULTOS AFRO BRAS    05031810 000014
10231987175000168916200163100    000013967                    000139670000000000000109                     I3413967     08031800000000385003410000017N210218104700000000000100803180000000000000000000000000000000000000000100001346507783ANDREIA FERREIRA E CUNHA                RUA TIRADENTES N 465 CASA 4             CONFIDENCIA 26323260NOVA IGUACU    RJUNIAO UMB DOS CULTOS AFRO BRAS    08031810 000015
10231987175000168916200163100    00008920                     000089200000000000000109                     I028920      31011800000000035003410000017N020118104700000000000103101180000000000000000000000000000000000000000100009199332701LUANDA MOREIRA DOS SANTOS FERN          RUA SEVERIANO MONTEIRO N 232 APT 302    BRAZ DE PINA21235620RIO DE JANEIRO RJUNIAO UMB DOS CULTOS AFRO BRAS    31011810 000016
10231987175000168916200163100    00008908                     000089080000000000000109                     I028908      31011800000000035003410000017N020118104700000000000103101180000000000000000000000000000000000000000100076636429704SONIA REGINA GOMES AMAZONAS             RUA MAJOR PARENTES N 474 FUNDOS         MAGALHAES BA21735100RIO DE JANEIRO RJUNIAO UMB DOS CULTOS AFRO BRAS    31011810 000017
10231987175000168916200163100    00008794                     000087940000000000000109                     I028794      31011800000000035003410000017N020118104700000000000103101180000000000000000000000000000000000000000100000635840774MARCOS DE OLIVEIRA                      RUA MARCILIO DIAS, 408                  JARDIM CAICA28910080CABO FRIO      RJUNIAO UMB DOS CULTOS AFRO BRAS    31011810 000018
10231987175000168916200163100    00008707                     000087070000000000000109                     I028707      31011800000000035003410000017N020118104700000000000103101180000000000000000000000000000000000000000100042909422804RAMALHO BORBA SILVA                     RUA HENRI DUMONT, 841                   CAMPO GRANDE23052350RIO DE JANEIRO RJUNIAO UMB DOS CULTOS AFRO BRAS    31011810 000019
10231987175000168916200163100    00008617                     000086170000000000000109                     I028617      31011800000000035003410000017N020118104700000000000103101180000000000000000000000000000000000000000100058984178772ELIZABETH RIBEIRO VALENTE FARI          RUA VASCO DA GAMA N 1409 - PARQUE ESTORIPARQUE ESTOR26063190NOVA IGUACU    RJUNIAO UMB DOS CULTOS AFRO BRAS    31011810 000020
10231987175000168916200163100    00008571                     000085710000000000000109                     I028571      31011800000000035003410000017N020118104700000000000103101180000000000000000000000000000000000000000100093431619720GUILHERME LUIZ BASILIO                  RUA, BARAO DO BOM RETIRO Nº 556 FUNDOS ENGENHO NOVO20551140RIO DE JANEIRO RJUNIAO UMB DOS CULTOS AFRO BRAS    31011810 000021
10231987175000168916200163100    00008475                     000084750000000000000109                     I028475      31011800000000035003410000017N020118104700000000000103101180000000000000000000000000000000000000000100052357023791DILMA DA SILVA BILONIA                  RUA CERES N 603                         BANGU - RJ  21862070RIO DE JANEIRO RJUNIAO UMB DOS CULTOS AFRO BRAS    31011810 000022
10231987175000168916200163100    00004574                     000045740000000000000109                     I024574      22121700000000350003410000017N171117104700000000000102212170000000000000000000000000000000000000000100076348547787EDIVANICE DE OLIVEIRA DA CRUZ           RUA J J COWSERT N 300 CASA 20           TOMAS COELHO21370450RIO DE JANEIRO RJUNIAO UMB DOS CULTOS AFRO BRAS    22121710 000023
10231987175000168916200163100    00004526                     000045260000000000000109                     I024526      22121700000000350003410000017N171117104700000000000102212170000000000000000000000000000000000000000100080578063700SANDRA REGINA NEVES CHAGAS              RUA MARIA LOURENCO N 12 CASA 2          JARDIM PRIMA25215367DUQUE DE CAXIASRJUNIAO UMB DOS CULTOS AFRO BRAS    22121710 000024
10231987175000168916200163100    00004444                     000044440000000000000109                     I024444      22121700000000350003410000017N171117104700000000000102212170000000000000000000000000000000000000000100067287581787MARIA DA CONCEICAO DE LIMA              RUA ALTO BOA VISTA N 70                 VILAR DOS TE25565410SAO JOAO DE MERRJUNIAO UMB DOS CULTOS AFRO BRAS    22121710 000025
10231987175000168916200163100    00004376                     000043760000000000000109                     I024376      22121700000000350003410000017N171117104700000000000102212170000000000000000000000000000000000000000100001346507783ANDREIA FERREIRA E CUNHA                RUA TIRADENTES N 465 CASA 4             CONFIDENCIA 26323260NOVA IGUACU    RJUNIAO UMB DOS CULTOS AFRO BRAS    22121710 000026
10231987175000168916200163100    00004227                     000042270000000000000109                     I024227      22121700000000350003410000017N171117104700000000000102212170000000000000000000000000000000000000000100007429687741MAURO ROBERTO NEVES DA HORA             RUA BRAS CUBAS, 112 BLOCO 3 APTO 106    CONDOMINIO P21520030RIO DE JANEIRO RJUNIAO UMB DOS CULTOS AFRO BRAS    22121710 000027
10231987175000168916200163100    00004154                     000041540000000000000109                     I024154      22121700000000350003410000017N171117104700000000000102212170000000000000000000000000000000000000000100014806247723JEFFERSON DA CUNHA AREAS                RUA DOZE, 196                           NOVA MARILIA25900000MAGE           RJUNIAO UMB DOS CULTOS AFRO BRAS    22121710 000028
10231987175000168916200163100    00003760                     000037600000000000000109                     I023760      22121700000000350003410000017N171117104700000000000102212170000000000000000000000000000000000000000100037356178753TEREZA BRAGA DE AZEVEDO                 RUA ANDRE ROCHA N 224                   TAQUARA - RI22730522RIO DE JANEIRO RJUNIAO UMB DOS CULTOS AFRO BRAS    22121710 000029
10231987175000168916200163100    00003730                     000037300000000000000109                     I023730      22121700000000350003410000017N171117104700000000000102212170000000000000000000000000000000000000000100089080475734MARCIA MARIA CORREIA DA SILVA           RUA ALVARES CABRAL, 520                 CACHAMBI - R20780320RIO DE JANEIRO RJUNIAO UMB DOS CULTOS AFRO BRAS    22121710 000030
10231987175000168916200163100    00003721                     000037210000000000000109                     I023721      22121700000000350003410000017N171117104700000000000102212170000000000000000000000000000000000000000100050942490763ANTONIO PAULO TRABACHINI                RUA DO CATETE, 347 LOJA 8               CATETE      22271100RIO DE JANEIRO RJUNIAO UMB DOS CULTOS AFRO BRAS    22121710 000031
10231987175000168916200163100    00003602                     000036020000000000000109                     I023602      22121700000000350003410000017N171117104700000000000102212170000000000000000000000000000000000000000200000000004766EDINALVA MUNIZ VALENTIM                 AVENIDA RIO DE JANEIRO, 21              INCRA - SERO23850220SEROPEDICA     RJUNIAO UMB DOS CULTOS AFRO BRAS    22121710 000032
10231987175000168916200163100    00003502                     000035020000000000000109                     I023502      22121700000000350003410000017N171117104700000000000102212170000000000000000000000000000000000000000100010491247745JOAO BATISTA MACEDO DE FREITAS          RUA ITAGIBA N 1047 FUNDOS               COSMOS - RIO23060450RIO DE JANEIRO RJUNIAO UMB DOS CULTOS AFRO BRAS    22121710 000033
10231987175000168916200163100    00003431                     000034310000000000000109                     I023431      22121700000000350003410000017N171117104700000000000102212170000000000000000000000000000000000000000200000000007838JANILTON DA CRUZ ROCHA                  RUA ALUISIO AZEVEDO LOTE 27 QUADRA 40   IMBARIE - PA25275360PARADA ANGELICARJUNIAO UMB DOS CULTOS AFRO BRAS    22121710 000034
10231987175000168916200163100    00003426                     000034260000000000000109                     I023426      22121700000000350003410000017N171117104700000000000102212170000000000000000000000000000000000000000100054770122772EDUARDO DOS SANTOS REIS NETO            O MESMO                                 O MESMO     21360080RIO DE JANEIRO RJUNIAO UMB DOS CULTOS AFRO BRAS    22121710 000035
10231987175000168916200163100    00003125                     000031250000000000000109                     I023125      31121700000000035003410000017N131117104700000000000103112170000000000000000000000000000000000000000100000891933778MARIA DAS NEVES FERREIRA DO NA          RUA CAMINHO DA CHACARA N 519            PRACA SECA -22733060RIO DE JANEIRO RJUNIAO UMB DOS CULTOS AFRO BRAS    31121710 000036
10231987175000168916200163100    00003077                     000030770000000000000109                     I023077      31121700000000035003410000017N131117104700000000000103112170000000000000000000000000000000000000000100080578063700SANDRA REGINA NEVES CHAGAS              RUA MARIA LOURENCO N 12 CASA 2          JARDIM PRIMA25215367DUQUE DE CAXIASRJUNIAO UMB DOS CULTOS AFRO BRAS    31121710 000037
10231987175000168916200163100    00002992                     000029920000000000000109                     I022992      31121700000000035003410000017N131117104700000000000103112170000000000000000000000000000000000000000100067287581787MARIA DA CONCEICAO DE LIMA              RUA ALTO BOA VISTA N 70                 VILAR DOS TE25565410SAO JOAO DE MERRJUNIAO UMB DOS CULTOS AFRO BRAS    31121710 000038
10231987175000168916200163100    00002924                     000029240000000000000109                     I022924      31121700000000035003410000017N131117104700000000000103112170000000000000000000000000000000000000000100001346507783ANDREIA FERREIRA E CUNHA                RUA TIRADENTES N 465 CASA 4             CONFIDENCIA 26323260NOVA IGUACU    RJUNIAO UMB DOS CULTOS AFRO BRAS    31121710 000039
10231987175000168916200163100    00002699                     000026990000000000000109                     I022699      31121700000000035003410000017N131117104700000000000103112170000000000000000000000000000000000000000100014806247723JEFFERSON DA CUNHA AREAS                RUA DOZE, 196                           NOVA MARILIA25900000MAGE           RJUNIAO UMB DOS CULTOS AFRO BRAS    31121710 000040
10231987175000168916200163100    00002242                     000022420000000000000109                     I022242      31121700000000035003410000017N131117104700000000000103112170000000000000000000000000000000000000000100089080475734MARCIA MARIA CORREIA DA SILVA           RUA ALVARES CABRAL, 520                 CACHAMBI - R20780320RIO DE JANEIRO RJUNIAO UMB DOS CULTOS AFRO BRAS    31121710 000041
10231987175000168916200163100    00002233                     000022330000000000000109                     I022233      31121700000000035003410000017N131117104700000000000103112170000000000000000000000000000000000000000100050942490763ANTONIO PAULO TRABACHINI                RUA DO CATETE, 347 LOJA 8               CATETE      22271100RIO DE JANEIRO RJUNIAO UMB DOS CULTOS AFRO BRAS    31121710 000042
10231987175000168916200163100    00002113                     000021130000000000000109                     I022113      31121700000000035003410000017N131117104700000000000103112170000000000000000000000000000000000000000200000000004766EDINALVA MUNIZ VALENTIM                 AVENIDA RIO DE JANEIRO, 21              INCRA - SERO23850220SEROPEDICA     RJUNIAO UMB DOS CULTOS AFRO BRAS    31121710 000043
10231987175000168916200163100    00001938                     000019380000000000000109                     I341938      31121700000000035003410000017N131117104700000000000103112170000000000000000000000000000000000000000200000000007838JANILTON DA CRUZ ROCHA                  RUA ALUISIO AZEVEDO LOTE 27 QUADRA 40   IMBARIE - PA25275360PARADA ANGELICARJUNIAO UMB DOS CULTOS AFRO BRAS    31121710 000044
10231987175000168916200163100    00001635                     000016350000000000000109                     I021635      20121700000000350003410000017N301017104700000000000102012170000000000000000000000000000000000000000100009199332701LUANDA MOREIRA DOS SANTOS FERN          RUA SEVERIANO MONTEIRO N 232 APT 302    BRAZ DE PINA21235620RIO DE JANEIRO RJUNIAO UMB DOS CULTOS AFRO BRAS    20121710 000045
9                                                                                                                                                                                                                                                                                                                                                                                                         000046
