01REMESSA01COBRANCA       817800093673        União Umb dos Cultos Afro Bra341BANCO ITAU SA  220719                                                                                                                                                                                                                                                                                                      000001
10231987175000168817800093673    000048939                    000489390000000000000109                     I0248939     30091900000000040003410000017N100619105700000000000133009190000000000000000000000000000000000000000100005444285797CICERO PEREIRA GOMES NETO               RUA CAPITAO RUBENSN 1, BLOCO 8 APTº 108MARECHAL HER21610290RIO DE JANEIRO RJUNIAO UMB DOS CULTOS AFRO BRAS    30091915 000002
21300920190000000000080                                                                                                                                                                                                                                                                                                                                                                                   000003
10231987175000168817800093673    000048478                    000484780000000000000109                     I0248478     30091900000000040003410000017N100619105700000000000133009190000000000000000000000000000000000000000100000224990756DENISE SILVA SIQUEIRA                   RUA PAULO PRADON 20,                    OSWALDO CRUZ21341130RIO DE JANEIRO RJUNIAO UMB DOS CULTOS AFRO BRAS    30091915 000004
21300920190000000000080                                                                                                                                                                                                                                                                                                                                                                                   000005
10231987175000168817800093673    000047500                    000475000000000000000109                     I0247500     30081900000000040003410000017N100619105700000000000133008190000000000000000000000000000000000000000100005444285797CICERO PEREIRA GOMES NETO               RUA CAPITAO RUBENSN 1, BLOCO 8 APTº 108MARECHAL HER21610290RIO DE JANEIRO RJUNIAO UMB DOS CULTOS AFRO BRAS    30081915 000006
21300820190000000000080                                                                                                                                                                                                                                                                                                                                                                                   000007
10231987175000168817800093673    000047041                    000470410000000000000109                     I0247041     30081900000000040003410000017N100619105700000000000133008190000000000000000000000000000000000000000100000224990756DENISE SILVA SIQUEIRA                   RUA PAULO PRADON 20,                    OSWALDO CRUZ21341130RIO DE JANEIRO RJUNIAO UMB DOS CULTOS AFRO BRAS    30081915 000008
21300820190000000000080                                                                                                                                                                                                                                                                                                                                                                                   000009
10231987175000168817800093673    000046071                    000460710000000000000109                     I0246071     30071900000000040003410000017N100619105700000000000133007190000000000000000000000000000000000000000100005444285797CICERO PEREIRA GOMES NETO               RUA CAPITAO RUBENSN 1, BLOCO 8 APTº 108MARECHAL HER21610290RIO DE JANEIRO RJUNIAO UMB DOS CULTOS AFRO BRAS    30071915 000010
21300720190000000000080                                                                                                                                                                                                                                                                                                                                                                                   000011
10231987175000168817800093673    000045619                    000456190000000000000109                     I0245619     30071900000000040003410000017N100619105700000000000133007190000000000000000000000000000000000000000100000224990756DENISE SILVA SIQUEIRA                   RUA PAULO PRADON 20,                    OSWALDO CRUZ21341130RIO DE JANEIRO RJUNIAO UMB DOS CULTOS AFRO BRAS    30071915 000012
21300720190000000000080                                                                                                                                                                                                                                                                                                                                                                                   000013
9                                                                                                                                                                                                                                                                                                                                                                                                         000014
