01REMESSA01COBRANCA       817800093673        União Umb dos Cultos Afro Bra341BANCO ITAU SA  010218                                                                                                                                                                                                                                                                                                      000001
10231987175000168817800093673    00009091                     000090910000000000000109                     I019091      28021800000000035003410000017N010218104700000000000102802180000000000000000000000000000000000000000100063299615734MAGALI MAXIMO DE SOUZA                  O MESMO                                 O MESMO     26545460NILOPOLIS      RJUNIAO UMB DOS CULTOS AFRO BRAS    28021810 000002
10231987175000168817800093673    00009013                     000090130000000000000109                     I029013      31011800000000070003410000017N110118104700000000000103101180000000000000000000000000000000000000000100005361904708VANESSA SANTIAGO DE AZEVEDO BA          AVENIDA PASTOR MARTIN LUTHERKING JR N 64VICENTE DE C21371310RIO DE JANEIRO RJUNIAO UMB DOS CULTOS AFRO BRAS    31011810 000003
10231987175000168817800093673    00008288                     000082880000000000000109                     I028288      28021800000000035003410000017N291217104700000000000102802180000000000000000000000000000000000000000100001872874738ADENILDES ARIFES DE OLIVEIRA            RUA CARLOS SAMPAIO, 246 APTO 702        CENTRO - RJ 20231085RIO DE JANEIRO RJUNIAO UMB DOS CULTOS AFRO BRAS    28021810 000004
10231987175000168817800093673    00008179                     000081790000000000000109                     I028179      28021800000000035003410000017N291217104700000000000102802180000000000000000000000000000000000000000100001057692743ANDRE LUIZ PEDROZA VARELLA              RUA DOIS DE FEVEREIRO, 576 CASA 6 APTO 2ENCANTADO - 20730452RIO DE JANEIRO RJUNIAO UMB DOS CULTOS AFRO BRAS    28021810 000005
10231987175000168817800093673    00008040                     000080400000000000000109                     I028040      28021800000000035003410000017N291217104700000000000102802180000000000000000000000000000000000000000100074192523787RUTH DE OLIVEIRA RAMOS                  O MESMO                                 O MESMO     23028210RIO DE JANEIRO RJUNIAO UMB DOS CULTOS AFRO BRAS    28021810 000006
10231987175000168817800093673    00008014                     000080140000000000000109                     I028014      28021800000000035003410000017N291217104700000000000102802180000000000000000000000000000000000000000100007812001725FLAVIA DA ROSA SANTANA                  RUA PEDRO TELES N° 484 CENTRO          CENTRO-SAO J25515030SAO JOAO DE MERRJUNIAO UMB DOS CULTOS AFRO BRAS    28021810 000007
10231987175000168817800093673    00007982                     000079820000000000000109                     I027982      28021800000000035003410000017N291217104700000000000102802180000000000000000000000000000000000000000100003778949748MARLENE PEREIRA DA SILVA MELO           RUA BARAO DE AMAZONAS S/Nº             MARIA CONGA 25900000MAGE           RJUNIAO UMB DOS CULTOS AFRO BRAS    28021810 000008
10231987175000168817800093673    00007900                     000079000000000000000109                     I027900      28021800000000035003410000017N291217104700000000000102802180000000000000000000000000000000000000000100043185029704SEBASTIAO DA CONCEICAO FILHO            AVENIDA TENENTE AVIADOR NILTON CAMPOS SOTOMAZINHO - 25525512SAO JOAO DE MERRJUNIAO UMB DOS CULTOS AFRO BRAS    28021810 000009
10231987175000168817800093673    00006991                     000069910000000000000109                     I026991      28021800000000035003410000017N271217104700000000000102802180000000000000000000000000000000000000000100093461755753MARCIA SILVA DE ABREU                   AVENIDA DO CATEQUISTA, 43 - BANGU       BANGU - RJ  21842130RIO DE JANEIRO RJUNIAO UMB DOS CULTOS AFRO BRAS    28021810 000010
10231987175000168817800093673    00006813                     000068130000000000000109                     I026813      28021800000000035003410000017N271217104700000000000102802180000000000000000000000000000000000000000100011385092726ANDRE LEONARDO SILVA DE ARAUJO          RUA CARMINDA, 1359 CASA 4               COELHO DA RO25550136SAO JOAO DE MERRJUNIAO UMB DOS CULTOS AFRO BRAS    28021810 000011
10231987175000168817800093673    00006241                     000062410000000000000109                     I026241      28021800000000035003410000017N271217104700000000000102802180000000000000000000000000000000000000000100009886046716ANA CRISTINA DE ALMEIDA TRINDA          O MESMO                                 O MESMO     21555020RIO DE JANEIRO RJUNIAO UMB DOS CULTOS AFRO BRAS    28021810 000012
10231987175000168817800093673    00005849                     000058490000000000000109                     I025849      31011800000000035003410000017N261217104700000000000103101180000000000000000000000000000000000000000100005361904708VANESSA SANTIAGO DE AZEVEDO BA          AVENIDA PASTOR MARTIN LUTHERKING JR N 64VICENTE DE C21371310RIO DE JANEIRO RJUNIAO UMB DOS CULTOS AFRO BRAS    31011810 000013
10231987175000168817800093673    00005741                     000057410000000000000109                     I025741      31011800000000035003410000017N261217104700000000000103101180000000000000000000000000000000000000000100093461755753MARCIA SILVA DE ABREU                   AVENIDA DO CATEQUISTA, 43 - BANGU       BANGU - RJ  21842130RIO DE JANEIRO RJUNIAO UMB DOS CULTOS AFRO BRAS    31011810 000014
10231987175000168817800093673    00005705                     000057050000000000000109                     I025705      31011800000000035003410000017N261217104700000000000103101180000000000000000000000000000000000000000100007812146707GRASIELI RIBEIRO DE ALMEIDA             RUA PADRE ARMANDO NOGUEIRA, 30          AGUA SANTA -20745120RIO DE JANEIRO RJUNIAO UMB DOS CULTOS AFRO BRAS    31011810 000015
10231987175000168817800093673    00005658                     000056580000000000000109                     I025658      31011800000000035003410000017N261217104700000000000103101180000000000000000000000000000000000000000100007228447786JEFFERSON CACADOR DE LIMA               ESTRADA DO TINDIBA N 744                TAQUARA - RI22740360RIO DE JANEIRO RJUNIAO UMB DOS CULTOS AFRO BRAS    31011810 000016
10231987175000168817800093673    00005655                     000056550000000000000109                     I025655      31011800000000035003410000017N261217104700000000000103101180000000000000000000000000000000000000000100060894628704TERESINHA DE JESUS BIL RAMOS T          RUA GENERAL MIGUEL FERREIRA, 178 RUA E CTAQUARA - RI22770590RIO DE JANEIRO RJUNIAO UMB DOS CULTOS AFRO BRAS    31011810 000017
10231987175000168817800093673    00005563                     000055630000000000000109                     I025563      31011800000000035003410000017N261217104700000000000103101180000000000000000000000000000000000000000100011385092726ANDRE LEONARDO SILVA DE ARAUJO          RUA CARMINDA, 1359 CASA 4               COELHO DA RO25550136SAO JOAO DE MERRJUNIAO UMB DOS CULTOS AFRO BRAS    31011810 000018
10231987175000168817800093673    00005315                     000053150000000000000109                     I025315      31011800000000035003410000017N261217104700000000000103101180000000000000000000000000000000000000000100007609502707WALDENILSON DUARTE DOS SANTOS           RUA CAMPISTA 90                         CABUCU - NOV26355500RIO DE JANEIRO RJUNIAO UMB DOS CULTOS AFRO BRAS    31011810 000019
10231987175000168817800093673    00005102                     000051020000000000000109                     I025102      31011800000000035003410000017N261217104700000000000103101180000000000000000000000000000000000000000100007742829754CARLOS ANDERSON DA SILVA DIAS           RUA COSMORAMA, 700 COMPL. CAMELIA 120   MESQUITA - R26582020RIO DE JANEIRO RJUNIAO UMB DOS CULTOS AFRO BRAS    31011810 000020
10231987175000168817800093673    00001652                     000016520000000000000109                     I021652      20121700000000340003410000017N301017104700000000000102012170000000000000000000000000000000000000000100007812001725FLAVIA DA ROSA SANTANA                  RUA PEDRO TELES N° 484 CENTRO          CENTRO-SAO J25515030SAO JOAO DE MERRJUNIAO UMB DOS CULTOS AFRO BRAS    20121710 000021
10231987175000168817800093673    00001576                     000015760000000000000109                     I021576      20121700000000360003410000017N251017104700000000000102012170000000000000000000000000000000000000000100003778949748MARLENE PEREIRA DA SILVA MELO           RUA BARAO DE AMAZONAS S/Nº             MARIA CONGA 25900000MAGE           RJUNIAO UMB DOS CULTOS AFRO BRAS    20121710 000022
10231987175000168817800093673    00001396                     000013960000000000000109                     I021396      20121700000000400003410000017N241017104700000000000102012170000000000000000000000000000000000000000100076658961700BEATRIZ DIAS DO NASCIMENTO              RUA SAO BRUNO N 55 APT 301              PENHA - RIO 21021160RIO DE JANEIRO RJUNIAO UMB DOS CULTOS AFRO BRAS    20121710 000023
10231987175000168817800093673    0000732                      000007320000000000000109                     I02732       20121700000000400003410000017N171017104700000000000102012170000000000000000000000000000000000000000100074192523787RUTH DE OLIVEIRA RAMOS                  O MESMO                                 O MESMO     23028210RIO DE JANEIRO RJUNIAO UMB DOS CULTOS AFRO BRAS    20121710 000024
10231987175000168817800093673    0000476                      000004760000000000000109                     I02476       20121700000000340003410000017N101017104700000000000102012170000000000000000000000000000000000000000100001872874738ADENILDES ARIFES DE OLIVEIRA            RUA CARLOS SAMPAIO, 246 APTO 702        CENTRO - RJ 20231085RIO DE JANEIRO RJUNIAO UMB DOS CULTOS AFRO BRAS    20121710 000025
10231987175000168817800093673    0000206                      000002060000000000000109                     I02206       02021800000000340003410000017N101017104700000000000100202180000000000000000000000000000000000000000100001057692743ANDRE LUIZ PEDROZA VARELLA              RUA DOIS DE FEVEREIRO, 576 CASA 6 APTO 2ENCANTADO - 20730452RIO DE JANEIRO RJUNIAO UMB DOS CULTOS AFRO BRAS    02021810 000026
10231987175000168817800093673    0000102                      000001020000000000000109                     I02102       20121700000000340003410000017N101017104700000000000102012170000000000000000000000000000000000000000100043185029704SEBASTIAO DA CONCEICAO FILHO            AVENIDA TENENTE AVIADOR NILTON CAMPOS SOTOMAZINHO - 25525512SAO JOAO DE MERRJUNIAO UMB DOS CULTOS AFRO BRAS    20121710 000027
9                                                                                                                                                                                                                                                                                                                                                                                                         000028
