01REMESSA01COBRANCA       916200163100        União Umb dos Cultos Afro Bra341BANCO ITAU SA  040118                                                                                                                                                                                                                                                                                                      000001
10231987175000168916200163100    00008957                     000089570000000000000109                     I018957      28021800000000035003410000017N030118050900000000000102802180000000000000000000000000000000000000000100083780262720MARIA JOANA DOROTEIA DE PAULA           ESTRADA MERINGUAVA, 701 PINHEIRO 11     TAQUARA - JA22725442RIO DE JANEIRO RJUNIAO UMB DOS CULTOS AFRO BRAS    28021810 000002
10231987175000168916200163100    00008956                     000089560000000000000109                     I018956      31011800000000035003410000017N030118050900000000000103101180000000000000000000000000000000000000000100083780262720MARIA JOANA DOROTEIA DE PAULA           ESTRADA MERINGUAVA, 701 PINHEIRO 11     TAQUARA - JA22725442RIO DE JANEIRO RJUNIAO UMB DOS CULTOS AFRO BRAS    31011810 000003
10231987175000168916200163100    00008953                     000089530000000000000109                     I018953      28021800000000035003410000017N030118050900000000000102802180000000000000000000000000000000000000000100001306191750PAULO CESAR DE PAULA CALDEIRA           RUA OSCARINA DE FREITAS, 188 - SAGRADO CPALMARES - P23065500RIO DE JANEIRO RJUNIAO UMB DOS CULTOS AFRO BRAS    28021810 000004
10231987175000168916200163100    00008952                     000089520000000000000109                     I018952      10011800000000883143410000017N020118050900000000000101001180000000000000000000000000000000000000000100066483433700ANTONIO CARLOS DA SILVA BRAGA           RUA: ALCIDES MAIA                       BENTO RIBEIR21550560RIO DE JANEIRO RJUNIAO UMB DOS CULTOS AFRO BRAS    10011810 000005
10231987175000168916200163100    00008951                     000089510000000000000109                     I018951      10011800000000629283410000017N020118050900000000000101001180000000000000000000000000000000000000000100025937030753MANOEL GABRIEL DA SILVA                 RUA: ALCIDES MAIA                       BENTO RIBEIR21550560RIO DE JANEIRO RJUNIAO UMB DOS CULTOS AFRO BRAS    10011810 000006
10231987175000168916200163100    00008950                     000089500000000000000109                     I018950      10011800000000836853410000017N020118050900000000000101001180000000000000000000000000000000000000000100013946879772ALDENI ALBENORA DA SILVA                RUA: JOAO DANIEL                        BENTO RIBEIR21550480RIO DE JANEIRO RJUNIAO UMB DOS CULTOS AFRO BRAS    10011810 000007
10231987175000168916200163100    00008949                     000089490000000000000109                     I018949      10011800000000886863410000017N020118050900000000000101001180000000000000000000000000000000000000000100049547410768ROSELI DE SAO JOSE MOREIRA              RUA: ALCIDES MAIA                       BENTO RIBEIR21550560RIO DE JANEIRO RJUNIAO UMB DOS CULTOS AFRO BRAS    10011810 000008
10231987175000168916200163100    00008948                     000089480000000000000109                     I018948      10011800000000758983410000017N020118050900000000000101001180000000000000000000000000000000000000000100000424410755ANA PAULA SILVA BARBOSA                 RUA: ALCIDES MAIA                       BENTO RIBEIR21550560RIO DE JANEIRO RJUNIAO UMB DOS CULTOS AFRO BRAS    10011810 000009
10231987175000168916200163100    00008947                     000089470000000000000109                     I018947      10011800000000794183410000017N020118050900000000000101001180000000000000000000000000000000000000000100062788213700MARIA DO ROSARIO DE MAGALHAES           RUA: ALCIDES MAIA                       BENTO RIBEIR21550560RIO DE JANEIRO RJUNIAO UMB DOS CULTOS AFRO BRAS    10011810 000010
10231987175000168916200163100    00008946                     000089460000000000000109                     I018946      05011800000000420003410000017N020118050900000000000100501180000000000000000000000000000000000000000100048623334787IOLANDA JOSE PROFIRIO BARRETO           RUA TRES Nº 102                        VILA DO SOL 28900000CABO FRIO      RJUNIAO UMB DOS CULTOS AFRO BRAS    05011810 000011
10231987175000168916200163100    00008945                     000089450000000000000109                     I018945      10011800000000580853410000017N020118050900000000000101001180000000000000000000000000000000000000000100007854516766NATALIE SILVA DE LIMA                   RUA: JOAO DANIEL                        BENTO RIBEIR21550480RIO DE JANEIRO RJUNIAO UMB DOS CULTOS AFRO BRAS    10011810 000012
10231987175000168916200163100    00008944                     000089440000000000000109                     I018944      10011800000000770343410000017N020118050900000000000101001180000000000000000000000000000000000000000100082228507768IARA LUCIA RIBEIRO QUINTINO             RUA: JOAO DANIEL                        BENTO RIBEIR21550480RIO DE JANEIRO RJUNIAO UMB DOS CULTOS AFRO BRAS    10011810 000013
10231987175000168916200163100    00008943                     000089430000000000000109                     I018943      10011800000000299173410000017N020118050900000000000101001180000000000000000000000000000000000000000100068760680725ANNA LUCIA DE SOUZA                     RUA: JOAO DANIEL                        BENTO RIBEIR21550480RIO DE JANEIRO RJUNIAO UMB DOS CULTOS AFRO BRAS    10011810 000014
10231987175000168916200163100    00008942                     000089420000000000000109                     I018942      10011800000000601853410000017N020118050900000000000101001180000000000000000000000000000000000000000100078566738772MARINA SOARES DA SILVA                  RUA: JOAO DANIEL                        BENTO RIBEIR21550480RIO DE JANEIRO RJUNIAO UMB DOS CULTOS AFRO BRAS    10011810 000015
10231987175000168916200163100    00008940                     000089400000000000000109                     I018940      10011800000000419173410000017N020118050900000000000101001180000000000000000000000000000000000000000100068760680725ANNA LUCIA DE SOUZA                     RUA: JOAO DANIEL                        BENTO RIBEIR21550480RIO DE JANEIRO RJUNIAO UMB DOS CULTOS AFRO BRAS    10011810 000016
10231987175000168916200163100    00008938                     000089380000000000000109                     I018938      10011800000000519723410000017N020118050900000000000101001180000000000000000000000000000000000000000100093728467791ALEX DE SOUZA MARTINS                   RUA: JOAO DANIEL                        BENTO RIBEIR21550480RIO DE JANEIRO RJUNIAO UMB DOS CULTOS AFRO BRAS    10011810 000017
10231987175000168916200163100    00008937                     000089370000000000000109                     I018937      10011800000001200003410000017N020118050900000000000101001180000000000000000000000000000000000000000100012701486726MARIANA MAGALHAES DE C. J. I.           RUA: SALOMAO FILHO                      MARECHAL HER21331660RIO DE JANEIRO RJUNIAO UMB DOS CULTOS AFRO BRAS    10011810 000018
10231987175000168916200163100    00008936                     000089360000000000000109                     I018936      31011800000000035003410000017N020118050900000000000103101180000000000000000000000000000000000000000100005953749724JUCIARA DA SILVA XAVIER                 RUA CONDE DE AZAMBUJA N 526             MARIA DA GRA20785342RIO DE JANEIRO RJUNIAO UMB DOS CULTOS AFRO BRAS    31011810 000019
10231987175000168916200163100    00008935                     000089350000000000000109                     I018935      31011800000000035003410000017N020118050900000000000103101180000000000000000000000000000000000000000100069279500791CLAUDIA ALONSO RODRIGUES                ESTRADA DO PAU FERRO N 851              FREGUESIA - 22745055RIO DE JANEIRO RJUNIAO UMB DOS CULTOS AFRO BRAS    31011810 000020
10231987175000168916200163100    00008934                     000089340000000000000109                     I018934      31011800000000035003410000017N020118050900000000000103101180000000000000000000000000000000000000000100065000366700DULCINEIA DA SILVA MENDONCA             RUA ALBERTINO LADEIRA N 63              MONTE CASTEL26041510NOVA IGUACU    RJUNIAO UMB DOS CULTOS AFRO BRAS    31011810 000021
10231987175000168916200163100    00008933                     000089330000000000000109                     I018933      31011800000000035003410000017N020118050900000000000103101180000000000000000000000000000000000000000100053218833787MARLUCE SUELY DA SILVA                  RUA CHRISOSTOMO PIMENTEL DE OLIVEIRA, 63ANCHIETA - R21645521RIO DE JANEIRO RJUNIAO UMB DOS CULTOS AFRO BRAS    31011810 000022
10231987175000168916200163100    00008932                     000089320000000000000109                     I018932      31011800000000035003410000017N020118050900000000000103101180000000000000000000000000000000000000000100001346375771CRISTIANE MARIANO RAPELLO               ESTRADA ALBERTO TEIXEIRA CUNHA N 1410 CANILOPOLIS - 26520070NILOPOLIS      RJUNIAO UMB DOS CULTOS AFRO BRAS    31011810 000023
10231987175000168916200163100    00008931                     000089310000000000000109                     I018931      31011800000000035003410000017N020118050900000000000103101180000000000000000000000000000000000000000100070645523704RICARDO DE SOUZA LIMA                   RUA MAJOR AZEVEDO 344                   IRAJA       21230060RIO DE JANEIRO RJUNIAO UMB DOS CULTOS AFRO BRAS    31011810 000024
10231987175000168916200163100    00008930                     000089300000000000000109                     I018930      31011800000000035003410000017N020118050900000000000103101180000000000000000000000000000000000000000100015110892709YASMIN FIALHO HANGES                    ESTRADA HENRIQUE DE MELO N 193 FUNDOS   BENTO RIBEIR21340190RIO DE JANEIRO RJUNIAO UMB DOS CULTOS AFRO BRAS    31011810 000025
10231987175000168916200163100    00008929                     000089290000000000000109                     I018929      31011800000000035003410000017N020118050900000000000103101180000000000000000000000000000000000000000100007620451157JUCIARA BARRETO DA SILVA                O MESMO                                 O MESMO     25936690MAGE           RJUNIAO UMB DOS CULTOS AFRO BRAS    31011810 000026
10231987175000168916200163100    00008928                     000089280000000000000109                     I018928      31011800000000035003410000017N020118050900000000000103101180000000000000000000000000000000000000000100093788150734REGINA DA SILVA VERONEZI DOS S          RUA ABATE 105                           JARDIM CANAA26263040NOVA IGUACU    RJUNIAO UMB DOS CULTOS AFRO BRAS    31011810 000027
10231987175000168916200163100    00008927                     000089270000000000000109                     I018927      31011800000000035003410000017N020118050900000000000103101180000000000000000000000000000000000000000100009839983709CAMILA DA SILVA OLIVEIRA                RUA VITORINO DO AMARAL 189              OLARIA RJ   21073300RIO DE JANEIRO RJUNIAO UMB DOS CULTOS AFRO BRAS    31011810 000028
10231987175000168916200163100    00008926                     000089260000000000000109                     I018926      31011800000000035003410000017N020118050900000000000103101180000000000000000000000000000000000000000100060237090791ELIZABETH TELLES DA SILVA               ESTRADA OUTEIRO SANTO  900 LOTE 1 QUADRATAQUARA  RJ 22713164RIO DE JANEIRO RJUNIAO UMB DOS CULTOS AFRO BRAS    31011810 000029
9                                                                                                                                                                                                                                                                                                                                                                                                         000030
