01REMESSA01COBRANCA       817800093673        União Umb dos Cultos Afro Bra341BANCO ITAU SA  010318                                                                                                                                                                                                                                                                                                      000001
10231987175000168817800093673    000013193                    000131930000000000000109                     I0213193     30051800000000035003410000017N200218104700000000000103005180000000000000000000000000000000000000000100006715164851MARISA DA SILVA                         RUA DOZE, 19                            MARACAIBO - 12120000TREMEMBE       SPUNIAO UMB DOS CULTOS AFRO BRAS    30051810 000002
10231987175000168817800093673    000012443                    000124430000000000000109                     I0212443     30051800000000035003410000017N200218104700000000000103005180000000000000000000000000000000000000000100034946018700SIDNEY ESTRELA EVANGELISTA              RUA ELZA SN QUADRA 34 LOTE 39           JARDIM GUANA26321020QUEIMADOS      RJUNIAO UMB DOS CULTOS AFRO BRAS    30051810 000003
10231987175000168817800093673    000011584                    000115840000000000000109                     I0211584     30041800000000035003410000017N200218104700000000000103004180000000000000000000000000000000000000000100006715164851MARISA DA SILVA                         RUA DOZE, 19                            MARACAIBO - 12120000TREMEMBE       SPUNIAO UMB DOS CULTOS AFRO BRAS    30041810 000004
10231987175000168817800093673    000010834                    000108340000000000000109                     I0210834     30041800000000035003410000017N200218104700000000000103004180000000000000000000000000000000000000000100034946018700SIDNEY ESTRELA EVANGELISTA              RUA ELZA SN QUADRA 34 LOTE 39           JARDIM GUANA26321020QUEIMADOS      RJUNIAO UMB DOS CULTOS AFRO BRAS    30041810 000005
10231987175000168817800093673    000010620                    000106200000000000000109                     I0210620     30031800000000035003410000017N200218104700000000000103003180000000000000000000000000000000000000000100065000366700DULCINEIA DA SILVA MENDONCA             RUA ALBERTINO LADEIRA N 63              MONTE CASTEL26041510NOVA IGUACU    RJUNIAO UMB DOS CULTOS AFRO BRAS    30031810 000006
10231987175000168817800093673    00009975                     000099750000000000000109                     I029975      30031800000000035003410000017N200218104700000000000103003180000000000000000000000000000000000000000100006715164851MARISA DA SILVA                         RUA DOZE, 19                            MARACAIBO - 12120000TREMEMBE       SPUNIAO UMB DOS CULTOS AFRO BRAS    30031810 000007
10231987175000168817800093673    00009325                     000093250000000000000109                     I349325      30031800000000035003410000017N200218104700000000000103003180000000000000000000000000000000000000000100009886046716ANA CRISTINA DE ALMEIDA TRINDA          O MESMO                                 O MESMO     21555020RIO DE JANEIRO RJUNIAO UMB DOS CULTOS AFRO BRAS    30031810 000008
10231987175000168817800093673    00009225                     000092250000000000000109                     I029225      30031800000000035003410000017N200218104700000000000103003180000000000000000000000000000000000000000100034946018700SIDNEY ESTRELA EVANGELISTA              RUA ELZA SN QUADRA 34 LOTE 39           JARDIM GUANA26321020QUEIMADOS      RJUNIAO UMB DOS CULTOS AFRO BRAS    30031810 000009
10231987175000168817800093673    00008399                     000083990000000000000109                     I028399      28021800000000035003410000017N291217104700000000000102802180000000000000000000000000000000000000000100065000366700DULCINEIA DA SILVA MENDONCA             RUA ALBERTINO LADEIRA N 63              MONTE CASTEL26041510NOVA IGUACU    RJUNIAO UMB DOS CULTOS AFRO BRAS    28021810 000010
10231987175000168817800093673    00008231                     000082310000000000000109                     I028231      28021800000000035003410000017N291217104700000000000102802180000000000000000000000000000000000000000100006715164851MARISA DA SILVA                         RUA DOZE, 19                            MARACAIBO - 12120000TREMEMBE       SPUNIAO UMB DOS CULTOS AFRO BRAS    28021810 000011
10231987175000168817800093673    00007922                     000079220000000000000109                     I027922      28021800000000035003410000017N291217104700000000000102802180000000000000000000000000000000000000000100034946018700SIDNEY ESTRELA EVANGELISTA              RUA ELZA SN QUADRA 34 LOTE 39           JARDIM GUANA26321020QUEIMADOS      RJUNIAO UMB DOS CULTOS AFRO BRAS    28021810 000012
10231987175000168817800093673    00007113                     000071130000000000000109                     I027113      28021800000000035003410000017N271217104700000000000102802180000000000000000000000000000000000000000100002812320706COSME PAULO DA COSTA CRAVO              RUA PADRE MANOEL DE NOBREGA N 505       QUINTINO BOC21381000RIO DE JANEIRO RJUNIAO UMB DOS CULTOS AFRO BRAS    28021810 000013
10231987175000168817800093673    00006867                     000068670000000000000109                     I026867      28021800000000035003410000017N271217104700000000000102802180000000000000000000000000000000000000000100014806247723JEFFERSON DA CUNHA AREAS                RUA DOZE, 196                           NOVA MARILIA25900000MAGE           RJUNIAO UMB DOS CULTOS AFRO BRAS    28021810 000014
10231987175000168817800093673    00006678                     000066780000000000000109                     I026678      28021800000000035003410000017N271217104700000000000102802180000000000000000000000000000000000000000100043839312787GILDA MANOELA                           RUA CRISANTEMOS, LOTE 28 QUADRA 20      PRADOS VERDE26299039NOVA IGUACU    RJUNIAO UMB DOS CULTOS AFRO BRAS    28021810 000015
10231987175000168817800093673    00006208                     000062080000000000000109                     I026208      28021800000000035003410000017N271217104700000000000102802180000000000000000000000000000000000000000100082347301772MARISTELA TORQUATO SILVA BRITT          O MESMO                                 O MESMO     26535340NILOPOLIS      RJUNIAO UMB DOS CULTOS AFRO BRAS    28021810 000016
10231987175000168817800093673    00005791                     000057910000000000000109                     I345791      31011800000000035003410000017N261217104700000000000103101180000000000000000000000000000000000000000100015477441704RAFAEL LOPES DOS SANTOS                 RUA ARARUAMA N 18 CASA 2                VILAR DOS TE25571430SAO JOAO DE MERRJUNIAO UMB DOS CULTOS AFRO BRAS    31011810 000017
10231987175000168817800093673    00005428                     000054280000000000000109                     I025428      31011800000000035003410000017N261217104700000000000103101180000000000000000000000000000000000000000100043839312787GILDA MANOELA                           RUA CRISANTEMOS, LOTE 28 QUADRA 20      PRADOS VERDE26299039NOVA IGUACU    RJUNIAO UMB DOS CULTOS AFRO BRAS    31011810 000018
10231987175000168817800093673    00005311                     000053110000000000000109                     I025311      31011800000000035003410000017N261217104700000000000103101180000000000000000000000000000000000000000100077165772715EDNA SANTOS DA TRINDADE                 ESTRADA DO PIAI N 3910 - QUADRA B CASA 7SEPETIBA - R23530610RIO DE JANEIRI RJUNIAO UMB DOS CULTOS AFRO BRAS    31011810 000019
10231987175000168817800093673    00005083                     000050830000000000000109                     I025083      31011800000000035003410000017N261217104700000000000103101180000000000000000000000000000000000000000100049170872791SONIA REGINA BARBOSA CAVATO             AVENIDA: SCHULTZ WENK Nº 183           CORDOVIL - R21012155RIO DE JANEIRO RJUNIAO UMB DOS CULTOS AFRO BRAS    31011810 000020
10231987175000168817800093673    00001411                     000014110000000000000109                     I021411      20121700000000340003410000017N241017104700000000000102012170000000000000000000000000000000000000000100065000366700DULCINEIA DA SILVA MENDONCA             RUA ALBERTINO LADEIRA N 63              MONTE CASTEL26041510NOVA IGUACU    RJUNIAO UMB DOS CULTOS AFRO BRAS    20121710 000021
10231987175000168817800093673    0000328                      000003280000000000000109                     I34328       20121700000000250003410000017N101017104700000000000102012170000000000000000000000000000000000000000100006715164851MARISA DA SILVA                         RUA DOZE, 19                            MARACAIBO - 12120000TREMEMBE       SPUNIAO UMB DOS CULTOS AFRO BRAS    20121710 000022
10231987175000168817800093673    0000119                      000001190000000000000109                     I02119       20121700000000340003410000017N101017104700000000000102012170000000000000000000000000000000000000000100052357023791DILMA DA SILVA BILONIA                  RUA CERES N 603                         BANGU - RJ  21862070RIO DE JANEIRO RJUNIAO UMB DOS CULTOS AFRO BRAS    20121710 000023
10231987175000168817800093673    0000115                      000001150000000000000109                     I02115       20121700000000340003410000017N101017104700000000000102012170000000000000000000000000000000000000000100034946018700SIDNEY ESTRELA EVANGELISTA              RUA ELZA SN QUADRA 34 LOTE 39           JARDIM GUANA26321020QUEIMADOS      RJUNIAO UMB DOS CULTOS AFRO BRAS    20121710 000024
9                                                                                                                                                                                                                                                                                                                                                                                                         000025
