01REMESSA01COBRANCA       817800093673        União Umb dos Cultos Afro Bra341BANCO ITAU SA  300118                                                                                                                                                                                                                                                                                                      000001
10231987175000168817800093673    00009085                     000090850000000000000109                     I019085      19021800000000140003410000017N300118104700000000000101902180000000000000000000000000000000000000000100003328096760MARCO ANTONIO DA SILVA                  RUA: WALDEMAR VIEIRA AFONSO Nº 1200    CARANGOLA - 25715402DUQUE DE CAXIASRJUNIAO UMB DOS CULTOS AFRO BRAS    19021810 000002
10231987175000168817800093673    00009084                     000090840000000000000109                     I019084      10021800000000629253410000017N300118104700000000000101002180000000000000000000000000000000000000000100025937030753MANOEL GABRIEL DA SILVA                 RUA: ALCIDES MAIA                       BENTO RIBEIR21550560RIO DE JANEIRO RJUNIAO UMB DOS CULTOS AFRO BRAS    10021810 000003
10231987175000168817800093673    00009083                     000090830000000000000109                     I019083      10021800000000834903410000017N300118104700000000000101002180000000000000000000000000000000000000000100013946879772ALDENI ALBENORA DA SILVA                RUA: JOAO DANIEL                        BENTO RIBEIR21550480RIO DE JANEIRO RJUNIAO UMB DOS CULTOS AFRO BRAS    10021810 000004
10231987175000168817800093673    00009082                     000090820000000000000109                     I019082      10021800000000886863410000017N300118104700000000000101002180000000000000000000000000000000000000000100049547410768ROSELI DE SAO JOSE MOREIRA              RUA: ALCIDES MAIA                       BENTO RIBEIR21550560RIO DE JANEIRO RJUNIAO UMB DOS CULTOS AFRO BRAS    10021810 000005
10231987175000168817800093673    00009081                     000090810000000000000109                     I019081      10021800000000759053410000017N300118104700000000000101002180000000000000000000000000000000000000000100000424410755ANA PAULA SILVA BARBOSA                 RUA: ALCIDES MAIA                       BENTO RIBEIR21550560RIO DE JANEIRO RJUNIAO UMB DOS CULTOS AFRO BRAS    10021810 000006
10231987175000168817800093673    00009080                     000090800000000000000109                     I019080      10021800000000578903410000017N300118104700000000000101002180000000000000000000000000000000000000000100007854516766NATALIE SILVA DE LIMA                   RUA: JOAO DANIEL                        BENTO RIBEIR21550480RIO DE JANEIRO RJUNIAO UMB DOS CULTOS AFRO BRAS    10021810 000007
10231987175000168817800093673    00009079                     000090790000000000000109                     I019079      10021800000000768393410000017N300118104700000000000101002180000000000000000000000000000000000000000100082228507768IARA LUCIA RIBEIRO QUINTINO             RUA: JOAO DANIEL                        BENTO RIBEIR21550480RIO DE JANEIRO RJUNIAO UMB DOS CULTOS AFRO BRAS    10021810 000008
10231987175000168817800093673    00009078                     000090780000000000000109                     I019078      10021800000000300033410000017N300118104700000000000101002180000000000000000000000000000000000000000100068760680725ANNA LUCIA DE SOUZA                     RUA: JOAO DANIEL                        BENTO RIBEIR21550480RIO DE JANEIRO RJUNIAO UMB DOS CULTOS AFRO BRAS    10021810 000009
10231987175000168817800093673    00009077                     000090770000000000000109                     I019077      10021800000000599903410000017N300118104700000000000101002180000000000000000000000000000000000000000100078566738772MARINA SOARES DA SILVA                  RUA: JOAO DANIEL                        BENTO RIBEIR21550480RIO DE JANEIRO RJUNIAO UMB DOS CULTOS AFRO BRAS    10021810 000010
10231987175000168817800093673    00009076                     000090760000000000000109                     I019076      10021800000000420033410000017N300118104700000000000101002180000000000000000000000000000000000000000100068760680725ANNA LUCIA DE SOUZA                     RUA: JOAO DANIEL                        BENTO RIBEIR21550480RIO DE JANEIRO RJUNIAO UMB DOS CULTOS AFRO BRAS    10021810 000011
10231987175000168817800093673    00009075                     000090750000000000000109                     I019075      10021800000000517773410000017N300118104700000000000101002180000000000000000000000000000000000000000100093728467791ALEX DE SOUZA MARTINS                   RUA: JOAO DANIEL                        BENTO RIBEIR21550480RIO DE JANEIRO RJUNIAO UMB DOS CULTOS AFRO BRAS    10021810 000012
10231987175000168817800093673    00009074                     000090740000000000000109                     I019074      10021800000001200003410000017N300118104700000000000101002180000000000000000000000000000000000000000100012701486726MARIANA MAGALHAES DE C. J. I.           RUA: SALOMAO FILHO                      MARECHAL HER21331660RIO DE JANEIRO RJUNIAO UMB DOS CULTOS AFRO BRAS    10021810 000013
10231987175000168817800093673    00009073                     000090730000000000000109                     I019073      31011800000000455003410000017N290118104700000000000103101180000000000000000000000000000000000000000100085953407734CARLA MARIA FERREIRA DA SILVA           RUA: JOSE MARIA DO AMARAL N 40          GUARATIBA - 23028120RIO DE JANEIRO RJUNIAO UMB DOS CULTOS AFRO BRAS    31011810 000014
10231987175000168817800093673    00008121                     000081210000000000000109                     I028121      28021800000000035003410000017N291217104700000000000102802180000000000000000000000000000000000000000100009527172713FABIANA DA SILVA FERNANDES              RUA ITAPACI, 56 CASA A                  COSMOS - RJ 23060440RIO DE JANEIRO RJUNIAO UMB DOS CULTOS AFRO BRAS    28021810 000015
10231987175000168817800093673    00006766                     000067660000000000000109                     I026766      28021800000000035003410000017N271217104700000000000102802180000000000000000000000000000000000000000100008267557717MARCIA REGINA FELIPE DE SOUZA           ESTRADA DO MENDANHA LOTE 2 QUADRA O     MENDANHA - C23087283RIO DE JANEIRO RJUNIAO UMB DOS CULTOS AFRO BRAS    28021810 000016
10231987175000168817800093673    00006340                     000063400000000000000109                     I026340      28021800000000035003410000017N271217104700000000000102802180000000000000000000000000000000000000000100031668500744TERESA CRISTINA PINTO DE NOVAE          AVENIDA: GLAUCIO GIL Nº 310 APTº 103  RECREIO DOS 22795172RIO DE JANEIRO RJUNIAO UMB DOS CULTOS AFRO BRAS    28021810 000017
10231987175000168817800093673    00005516                     000055160000000000000109                     I025516      31011800000000035003410000017N261217104700000000000103101180000000000000000000000000000000000000000100008267557717MARCIA REGINA FELIPE DE SOUZA           ESTRADA DO MENDANHA LOTE 2 QUADRA O     MENDANHA - C23087283RIO DE JANEIRO RJUNIAO UMB DOS CULTOS AFRO BRAS    31011810 000018
10231987175000168817800093673    00005090                     000050900000000000000109                     I025090      31011800000000035003410000017N261217104700000000000103101180000000000000000000000000000000000000000100031668500744TERESA CRISTINA PINTO DE NOVAE          AVENIDA: GLAUCIO GIL Nº 310 APTº 103  RECREIO DOS 22795172RIO DE JANEIRO RJUNIAO UMB DOS CULTOS AFRO BRAS    31011810 000019
10231987175000168817800093673    00001542                     000015420000000000000109                     I021542      20121700000000340003410000017N251017104700000000000102012170000000000000000000000000000000000000000100098065360700REGINETE COSTA LYRA                     RUA PALESTINA N 150 LOTE 10 QUADRA G    JARDIM VIOLE21862970BANGU          RJUNIAO UMB DOS CULTOS AFRO BRAS    20121710 000020
10231987175000168817800093673    00001463                     000014630000000000000109                     I021463      20121700000000240003410000017N251017104700000000000102012170000000000000000000000000000000000000000100000135406706MARCOS VENTURA PINHEIRO                 ESTRADA DA PACIENCIA, 600 QUADRA 7 LOTE COSMOS      23580250RIO DE JANEIRO RJUNIAO UMB DOS CULTOS AFRO BRAS    20121710 000021
10231987175000168817800093673    00001425                     000014250000000000000109                     I021425      20121700000000180003410000017N251017104700000000000102012170000000000000000000000000000000000000000100002066794759MARCELO VIEIRA DA SILVA                 RUA SIMAS N 7 FUNDOS                    ENCANTADO - 20745030RIO DE JANEIRO RJUNIAO UMB DOS CULTOS AFRO BRAS    20121710 000022
10231987175000168817800093673    0000802                      000008020000000000000109                     I02802       20121700000000340003410000017N171017104700000000000102012170000000000000000000000000000000000000000100009527172713FABIANA DA SILVA FERNANDES              RUA ITAPACI, 56 CASA A                  COSMOS - RJ 23060440RIO DE JANEIRO RJUNIAO UMB DOS CULTOS AFRO BRAS    20121710 000023
10231987175000168817800093673    0000642                      000006420000000000000109                     I02642       20121700000000340003410000017N171017104700000000000102012170000000000000000000000000000000000000000100039305635768ENIR DE OLIVEIRA                        RUA: EUGENIO FERREIRA Nº 198 - COMENDADNOVA IGUACU 26276580NOVA IGUACU    RJUNIAO UMB DOS CULTOS AFRO BRAS    20121710 000024
10231987175000168817800093673    0000641                      000006410000000000000109                     I02641       20121700000000340003410000017N171017104700000000000102012170000000000000000000000000000000000000000100099718928715ELAINE MAIA DE MOURA                    RUA DOUTOR LUIZ SOBRAL, 95              TOMAZINHO - 25525520SAO JOAO DE MERRJUNIAO UMB DOS CULTOS AFRO BRAS    20121710 000025
10231987175000168817800093673    0000136                      000001360000000000000109                     I02136       20121700000000340003410000017N101017104700000000000102012170000000000000000000000000000000000000000100099167182704ANTONIO CARLOS AZEVEDO BASTOS           RUA VITORIA N° 187                     PRESIDENTE J26553360MESQUITA       RJUNIAO UMB DOS CULTOS AFRO BRAS    20121710 000026
10231987175000168817800093673    0000107                      000001070000000000000109                     I02107       10011800000000340003410000017N101017104700000000000101001180000000000000000000000000000000000000000100008983253746SHEILA DE SANTANA RAMOS                 RUA GUAJERU LOTE 16                     GUARABU - IL21921410ILHA DO GOVERNARJUNIAO UMB DOS CULTOS AFRO BRAS    10011810 000027
10231987175000168817800093673    000094                       000000940000000000000109                     I0294        20121700000000400003410000017N101017104700000000000102012170000000000000000000000000000000000000000100076389910797CARMEN LUCIA ROSA DA LUZ                RUA GASTAO LEITE CABRAL  3              COLONIA Z 1021930530ILHA DO GOVERNARJUNIAO UMB DOS CULTOS AFRO BRAS    20121710 000028
10231987175000168817800093673    000087                       000000870000000000000109                     I0287        20121700000000340003410000017N101017104700000000000102012170000000000000000000000000000000000000000100003019311780LUZIA CIRILO                            RUA JOSE DA SILVA BRAGA N 830           OLINDA - NIL26545240NILOPOLIS      RJUNIAO UMB DOS CULTOS AFRO BRAS    20121710 000029
9                                                                                                                                                                                                                                                                                                                                                                                                         000030
