01REMESSA01COBRANCA       916200163100        União Umb dos Cultos Afro Bra341BANCO ITAU SA  160418                                                                                                                                                                                                                                                                                                      000001
10231987175000168916200163100    000014406                    000144060000000000000109                     I0114406     30051800000000035003410000017N160418104700000000000103005180000000000000000000000000000000000000000100005436665730JORGE LUIZ VICTORIO LIMA                MARCOVALDI                              NOVA ESPERAN26113040BELFORD ROXO   RJUNIAO UMB DOS CULTOS AFRO BRAS    30051810 000002
10231987175000168916200163100    000014405                    000144050000000000000109                     I0114405     30051800000000035003410000017N160418104700000000000103005180000000000000000000000000000000000000000100003526002762HELOISA HELENA DE OLIVEIRA DA           RUA DOUTOR MUNIZ                        CENTRO      26130020BELFORD ROXO   RJUNIAO UMB DOS CULTOS AFRO BRAS    30051810 000003
10231987175000168916200163100    000014404                    000144040000000000000109                     I0114404     30051800000000035003410000017N160418104700000000000103005180000000000000000000000000000000000000000100063662329700MARCO LUIS FREITAS DE AMORIM            RUA DAS DALIAS                          VILA VALQUEI21330740RIO DE JANEIRO RJUNIAO UMB DOS CULTOS AFRO BRAS    30051810 000004
10231987175000168916200163100    000014403                    000144030000000000000109                     I0114403     15051800000000105003410000017N160418104700000000000101505180000000000000000000000000000000000000000200000000003341HELENA MARIA DA SILVA                   RUA VINTE E QUATRO DE OUTUBRO,  QUADRA BBARRO BRANCO25267450DUQUE DE CAXIASRJUNIAO UMB DOS CULTOS AFRO BRAS    15051810 000005
10231987175000168916200163100    000014402                    000144020000000000000109                     I0114402     20041800000000070003410000017N150418104700000000000102004180000000000000000000000000000000000000000100081561326704MARCIO ELIAS GONCALVES                  RUA: NOVA Nº 654-A - GUARATIBA         CAMPO GRANDE21820210RIO DE JANEIRO RJUNIAO UMB DOS CULTOS AFRO BRAS    20041810 000006
10231987175000168916200163100    000013965                    000139650000000000000109                     I0213965     30031800000000105003410000017N210218104700000000000103003180000000000000000000000000000000000000000100077575768734CARLOS ALBERTO BAPTISTA                 RUA DOUTOR NOGUCHI, 220                 RAMOS - RJ  21060420RIO DE JANEIRO RJUNIAO UMB DOS CULTOS AFRO BRAS    30031810 000007
10231987175000168916200163100    00008959                     000089590000000000000109                     I028959      28021800000000035003410000017N030118104700000000000102802180000000000000000000000000000000000000000200000000000723ROSA MONIQUE SOUZA DA SILVA             RUA COSTA JUNIOR, 11                    VILA KENEDY 21853280RIO DE JANEIRO RJUNIAO UMB DOS CULTOS AFRO BRAS    28021810 000008
10231987175000168916200163100    00008958                     000089580000000000000109                     I028958      31011800000000035003410000017N030118104700000000000103101180000000000000000000000000000000000000000200000000000723ROSA MONIQUE SOUZA DA SILVA             RUA COSTA JUNIOR, 11                    VILA KENEDY 21853280RIO DE JANEIRO RJUNIAO UMB DOS CULTOS AFRO BRAS    31011810 000009
10231987175000168916200163100    00008900                     000089000000000000000109                     I028900      31011800000000035003410000017N020118104700000000000103101180000000000000000000000000000000000000000100002139519752CARLA MARIA DE BRITO DOS SANTO          RUA QUINZE  275 CASA 4                  PARQUE SANTA25271750DUQUE DE CAXIASRJUNIAO UMB DOS CULTOS AFRO BRAS    31011810 000010
10231987175000168916200163100    00008579                     000085790000000000000109                     I028579      31011800000000035003410000017N020118104700000000000103101180000000000000000000000000000000000000000100004751333747CARLOS EDUARDO DE SOUZA ALVES           RUA: URANOS Nº 563                     BONSUCESSO -21060070RIO DE JANEIRO RJUNIAO UMB DOS CULTOS AFRO BRAS    31011810 000011
10231987175000168916200163100    00004698                     000046980000000000000109                     I024698      22121700000000350003410000017N301117104700000000000102212170000000000000000000000000000000000000000100006726905432DAYVIDY RAMON CANDIDO                   O MESMO                                 O MESMO     26415055JAPERI         RJUNIAO UMB DOS CULTOS AFRO BRAS    22121710 000012
10231987175000168916200163100    00004442                     000044420000000000000109                     I024442      22121700000000350003410000017N171117104700000000000102212170000000000000000000000000000000000000000100003013793783GIOVANA SURAMA BRANDAO MONFORT          RUA JOAO TELES LOTE 94 QUADRA 93        CENTRO - MES26550100MESQUITA       RJUNIAO UMB DOS CULTOS AFRO BRAS    22121710 000013
10231987175000168916200163100    00004441                     000044410000000000000109                     I024441      22121700000000350003410000017N171117104700000000000102212170000000000000000000000000000000000000000100009406419769MAURICIO DOS SANTOS SILVA               RUA CASTANHAL, TRAVESSA PROGRESSO I CASAPARQUE GENEC26061650NOVA IGUACU    RJUNIAO UMB DOS CULTOS AFRO BRAS    22121710 000014
10231987175000168916200163100    00004439                     000044390000000000000109                     I024439      22121700000000350003410000017N171117104700000000000102212170000000000000000000000000000000000000000100099363704734SUELY FERNANDES LAPAS OLIVEIRA          RUA SARUTAIA SN LOTE 37                 GUARATIBA - 23032620RIO DE JANEIRO RJUNIAO UMB DOS CULTOS AFRO BRAS    22121710 000015
10231987175000168916200163100    00004438                     000044380000000000000109                     I024438      22121700000000350003410000017N171117104700000000000102212170000000000000000000000000000000000000000200000000012749DALILA REIS PIMENTA                     ESTRADA PLINIO CASADO N 2325            PRATA - NOVA26010421NOVA IGUACU    RJUNIAO UMB DOS CULTOS AFRO BRAS    22121710 000016
10231987175000168916200163100    00004437                     000044370000000000000109                     I024437      22121700000000350003410000017N171117104700000000000102212170000000000000000000000000000000000000000100002102287768SERGIO RICARDO FERREIRA DOS SA          RUA LAGUNA N 23                         NOVA PIAM - 26116620BELFORD ROXO   RJUNIAO UMB DOS CULTOS AFRO BRAS    22121710 000017
10231987175000168916200163100    00004436                     000044360000000000000109                     I024436      22121700000000350003410000017N171117104700000000000102212170000000000000000000000000000000000000000100076903729704ALUIZO NASCIMENTI DOS SANTOS            RUA DAS ROSAS N 801                     VILA FORMOSA26051370NOVA IGUACU    RJUNIAO UMB DOS CULTOS AFRO BRAS    22121710 000018
10231987175000168916200163100    00004435                     000044350000000000000109                     I024435      22121700000000350003410000017N171117104700000000000102212170000000000000000000000000000000000000000100003009392729MARIA DA PENHA FLORENCIO                RUA SABUJI LOTE 5 QUADRA 20             JARDIM ROTSE25270030DUQUE DE CAXIASRJUNIAO UMB DOS CULTOS AFRO BRAS    22121710 000019
10231987175000168916200163100    00004430                     000044300000000000000109                     I024430      22121700000000350003410000017N171117104700000000000102212170000000000000000000000000000000000000000100002871088489JOSE ADRIANO DA SILVA                   RUA UMEBOSCHE N 430                     JARDIM PARAI26297054NOVA IGUACU    RJUNIAO UMB DOS CULTOS AFRO BRAS    22121710 000020
10231987175000168916200163100    00004426                     000044260000000000000109                     I024426      22121700000000350003410000017N171117104700000000000102212170000000000000000000000000000000000000000200000000012736JORGE CARLOS RODRIGUES DE OLIV          ESTRADA TAQUARAL LOTE 12                JARDIM NAZAR26062221NOVA IGUACU    RJUNIAO UMB DOS CULTOS AFRO BRAS    22121710 000021
10231987175000168916200163100    00004408                     000044080000000000000109                     I024408      22121700000000350003410000017N171117104700000000000102212170000000000000000000000000000000000000000100007708082714CRISTIANE DEODATO                       ESTRADA REAL DE MAUA N 132              MAUA - MAGE 25927304MAGE           RJUNIAO UMB DOS CULTOS AFRO BRAS    22121710 000022
10231987175000168916200163100    00004186                     000041860000000000000109                     I024186      22121700000000350003410000017N171117104700000000000102212170000000000000000000000000000000000000000100002727538740DILNEI PEREIRA CRUZ                     RUA ALAIDE MARINHO, 52                  JARDIM NOVA 26272240NOVA IGUACU    RJUNIAO UMB DOS CULTOS AFRO BRAS    22121710 000023
10231987175000168916200163100    00004184                     000041840000000000000109                     I024184      22121700000000350003410000017N171117104700000000000102212170000000000000000000000000000000000000000100093778244787GENEILDA RANGEL SMITH                   RUA MARIA LUIZA REIS , 850              ENGENHEIRO D25015045DUQUE DE CAXIASRJUNIAO UMB DOS CULTOS AFRO BRAS    22121710 000024
10231987175000168916200163100    00004183                     000041830000000000000109                     I024183      22121700000000350003410000017N171117104700000000000102212170000000000000000000000000000000000000000100000904501752ALEXANDRE DOS ANJOS PIMENTEL            AVENIDA DOM HELDER CAMARA, 1595 BLOCO 18BENFICA - RI20973011RIO DE JANEIRO RJUNIAO UMB DOS CULTOS AFRO BRAS    22121710 000025
10231987175000168916200163100    00004182                     000041820000000000000109                     I024182      22121700000000350003410000017N171117104700000000000102212170000000000000000000000000000000000000000100010415045789CRISTIANO SOUZA BATISTA                 RUA SEIS DE ABRIL, 270                  CABUCU - NOV26293336NOVA IGUACU    RJUNIAO UMB DOS CULTOS AFRO BRAS    22121710 000026
10231987175000168916200163100    00004181                     000041810000000000000109                     I024181      22121700000000350003410000017N171117104700000000000102212170000000000000000000000000000000000000000100095488022791DENILZA DA SILVA MENDES                 RUA JORGE ABREU, LOTE 8 QUADRA 6        VALE DO IPE 26182140BELFORD ROXO   RJUNIAO UMB DOS CULTOS AFRO BRAS    22121710 000027
10231987175000168916200163100    00004179                     000041790000000000000109                     I024179      22121700000000350003410000017N171117104700000000000102212170000000000000000000000000000000000000000100000377539759WELLINGTON LUIS RODRIGUES               RUA ARGENTINA REIS, 80 FUNDOS           QUINTINO BOC20740040RIO DE JANEIRO RJUNIAO UMB DOS CULTOS AFRO BRAS    22121710 000028
10231987175000168916200163100    00004177                     000041770000000000000109                     I024177      22121700000000350003410000017N171117104700000000000102212170000000000000000000000000000000000000000100002718373733ALEXANDRE FERREIRA SILVA                RUA DOS EUCALIPTOS, LOTE 2 QUADRA 21    BOA VISTA - 28960000IGUABA GRANDE  RJUNIAO UMB DOS CULTOS AFRO BRAS    22121710 000029
10231987175000168916200163100    00004176                     000041760000000000000109                     I024176      22121700000000350003410000017N171117104700000000000102212170000000000000000000000000000000000000000100009396919730CATIA DE SOUZA SANTIAGO                 ESTRADA SAO FRANCISCO, 766 - SURUI      SURUI - MAGE25900000MAGE           RJUNIAO UMB DOS CULTOS AFRO BRAS    22121710 000030
10231987175000168916200163100    00004060                     000040600000000000000109                     I024060      22121700000000350003410000017N171117104700000000000102212170000000000000000000000000000000000000000100014662855756JEFERSON DOS SANTOS                     O MESMO                                 O MESMO     26160190BELFORD ROXO   RJUNIAO UMB DOS CULTOS AFRO BRAS    22121710 000031
10231987175000168916200163100    00003987                     000039870000000000000109                     I023987      22121700000000350003410000017N171117104700000000000102212170000000000000000000000000000000000000000100001230403701DENILSON MOTA DRUMOND                   RUA, ALVES DA COSTA Nº 24 - ITAIPU     CHANGRILA - 26140320BELFORD ROXO   RJUNIAO UMB DOS CULTOS AFRO BRAS    22121710 000032
10231987175000168916200163100    00003931                     000039310000000000000109                     I023931      22121700000000350003410000017N171117104700000000000102212170000000000000000000000000000000000000000100005215642710ROBERTA LIMA GRIJO                      RUA FLORANIA, 475                       VISTA ALEGRE21230700RIO DE JANEIRO RJUNIAO UMB DOS CULTOS AFRO BRAS    22121710 000033
10231987175000168916200163100    00003929                     000039290000000000000109                     I023929      22121700000000350003410000017N171117104700000000000102212170000000000000000000000000000000000000000100066373808734AIMORE FREITAS DA CONCEICAO             BECO MARIO PEREIRA, 127 CASA 11         PRACA SECA -21321035RIO DE JANEIRO RJUNIAO UMB DOS CULTOS AFRO BRAS    22121710 000034
10231987175000168916200163100    00003928                     000039280000000000000109                     I023928      22121700000000350003410000017N171117104700000000000102212170000000000000000000000000000000000000000100002486800727MARCIA REGINA DA SILVA SANTOS           ESTRADA DO PORTO VELHO, 555 ENTRADA A CACORDOVIL - R21012140RIO DE JANEIRO RJUNIAO UMB DOS CULTOS AFRO BRAS    22121710 000035
10231987175000168916200163100    00003927                     000039270000000000000109                     I023927      22121700000000350003410000017N171117104700000000000102212170000000000000000000000000000000000000000100090285646753JORGE LUIZ SILVA ARAUJO                 RUA MANOEL FRANCISCO ALVES, 99          IMPOERADOR -25926346MAGE           RJUNIAO UMB DOS CULTOS AFRO BRAS    22121710 000036
10231987175000168916200163100    00003926                     000039260000000000000109                     I023926      22121700000000350003410000017N171117104700000000000102212170000000000000000000000000000000000000000100005215146730ALEX HIKL JACOB                         RUA SUELI, LOTE 11 QUADRA 9             PARQUE SAO J26193030BELFORD ROXO   RJUNIAO UMB DOS CULTOS AFRO BRAS    22121710 000037
10231987175000168916200163100    00003925                     000039250000000000000109                     I023925      22121700000000350003410000017N171117104700000000000102212170000000000000000000000000000000000000000100040215326768ANTONIO JOAQUIM DOS SANTOS FIL          RUA SAO FRANCISCO, 137 - CANTO DO RIO   SEROPEDICA -23890000RIO DE JANEIRO RJUNIAO UMB DOS CULTOS AFRO BRAS    22121710 000038
10231987175000168916200163100    00003924                     000039240000000000000109                     I023924      22121700000000350003410000017N171117104700000000000102212170000000000000000000000000000000000000000100091917654715JORGE RICARDO MORENO CRISPIM            AVENIDA DOS FLAMBOYANTS, 1020 APTO 504  BARRA DA TIJ22776070RIO DE JANEIRO RJUNIAO UMB DOS CULTOS AFRO BRAS    22121710 000039
10231987175000168916200163100    00003923                     000039230000000000000109                     I023923      22121700000000350003410000017N171117104700000000000102212170000000000000000000000000000000000000000100007000973765SILVIA DAS GRACAS SANTANA               RUA NELIO CHAMBARELLI, 1 QUADRA K - JARDN.S.DE FATIM26313040RIO DE JANEIRO RJUNIAO UMB DOS CULTOS AFRO BRAS    22121710 000040
10231987175000168916200163100    00003920                     000039200000000000000109                     I023920      22121700000000350003410000017N171117104700000000000102212170000000000000000000000000000000000000000100008728777794LEANDRO DE SOUZA ALMEIDA                RUA MANOEL PEREIRA REIS, 207 - EDSON BASMESQUITA - R26584120RIO DE JANEIRO RJUNIAO UMB DOS CULTOS AFRO BRAS    22121710 000041
10231987175000168916200163100    00003916                     000039160000000000000109                     I023916      22121700000000350003410000017N171117104700000000000102212170000000000000000000000000000000000000000100013938302771WILLIAM DE FREITAS BARROS               RUA IBIRACOA, 132                       COLEGIO - RI21545270RIO DE JANEIRO RJUNIAO UMB DOS CULTOS AFRO BRAS    22121710 000042
10231987175000168916200163100    00003912                     000039120000000000000109                     I023912      22121700000000350003410000017N171117104700000000000102212170000000000000000000000000000000000000000100090085310700ROSANGELA VILELA FERREIRA               RUA MATURACA, 380 LOTE 19 QUADRA R 1    PENHA CIRCUL21210360RIO DE JANEIRO RJUNIAO UMB DOS CULTOS AFRO BRAS    22121710 000043
10231987175000168916200163100    00003909                     000039090000000000000109                     I023909      22121700000000350003410000017N171117104700000000000102212170000000000000000000000000000000000000000200000000010723MARIA DAS GRACAS DA SILVA EDMU          RUA LUIZ FELIPE, 121 CASA 3 - VILA BORGECOMENDADOR S26277360NOVA IGUACU    RJUNIAO UMB DOS CULTOS AFRO BRAS    22121710 000044
10231987175000168916200163100    00003907                     000039070000000000000109                     I023907      31011800000000350003410000017N171117104700000000000103101180000000000000000000000000000000000000000100081561326704MARCIO ELIAS GONCALVES                  RUA: NOVA Nº 654-A - GUARATIBA         CAMPO GRANDE21820210RIO DE JANEIRO RJUNIAO UMB DOS CULTOS AFRO BRAS    31011810 000045
10231987175000168916200163100    00003771                     000037710000000000000109                     I023771      22121700000000350003410000017N171117104700000000000102212170000000000000000000000000000000000000000100002735190773EDIVAN FARIAS DA SILVA                  RUA EDNA MEDEIROS, 69 - JARDIM MARILICE CORUMBA - NO26042430NOVA IGUACU    RJUNIAO UMB DOS CULTOS AFRO BRAS    22121710 000046
10231987175000168916200163100    00003733                     000037330000000000000109                     I023733      22121700000000350003410000017N171117104700000000000102212170000000000000000000000000000000000000000100075078392734MARCIA HELENA DE AZEVEDO MUNIZ          RUA OSMUNDO PIMENTEL, 70 CASA 1         BRAZ DE PINA00000001RIO DE JANEIRO RJUNIAO UMB DOS CULTOS AFRO BRAS    22121710 000047
10231987175000168916200163100    00003685                     000036850000000000000109                     I023685      22121700000000350003410000017N171117104700000000000102212170000000000000000000000000000000000000000100002181028796EMERSON DIAS DA COSTA                   RUA PARA, LOTE 10 QUADRA 31             VALE DAS MAN26175370BELFORD ROXO   RJUNIAO UMB DOS CULTOS AFRO BRAS    22121710 000048
10231987175000168916200163100    00003677                     000036770000000000000109                     I023677      22121700000000350003410000017N171117104700000000000102212170000000000000000000000000000000000000000100062783203715SORAYA BARROS PINHEIRO                  RUA SANTOS TITARA, 45 APTO 115          TODOS SANTOS20735240RIO DE JANEIRO RJUNIAO UMB DOS CULTOS AFRO BRAS    22121710 000049
10231987175000168916200163100    00003674                     000036740000000000000109                     I023674      22121700000000350003410000017N171117104700000000000102212170000000000000000000000000000000000000000100001457331730MIRIAN ANSELMO DE SOUZA SANTOS          RUA CRISTIANO OTONI, LT 25 QD 1         ALMERINDA - 24740004SAO GONCALO    RJUNIAO UMB DOS CULTOS AFRO BRAS    22121710 000050
10231987175000168916200163100    00003673                     000036730000000000000109                     I023673      22121700000000350003410000017N171117104700000000000102212170000000000000000000000000000000000000000100005333006733ROGERIO SEBASTIAO DA CONCEICAO          ESTRADA DA COVANCA, 850 CASA 52         TANQUE - JAC22735020RIO DE JANEIRO RJUNIAO UMB DOS CULTOS AFRO BRAS    22121710 000051
10231987175000168916200163100    00003672                     000036720000000000000109                     I023672      22121700000000350003410000017N171117104700000000000102212170000000000000000000000000000000000000000100001173152733JOSE EUZEBIO PINTO MONTEIRO             RUA GOMENSORO, 128                      OLARIA - RIO21071420RIO DE JANEIRO RJUNIAO UMB DOS CULTOS AFRO BRAS    22121710 000052
10231987175000168916200163100    00003670                     000036700000000000000109                     I023670      22121700000000350003410000017N171117104700000000000102212170000000000000000000000000000000000000000100000038492792MARLETE FLORENCIO DOS SANTOS            RUA FARIAS DE BRITO, 444                SAO CARLOS -27265270VOLTA REDONDA  RJUNIAO UMB DOS CULTOS AFRO BRAS    22121710 000053
10231987175000168916200163100    00003669                     000036690000000000000109                     I023669      22121700000000350003410000017N171117104700000000000102212170000000000000000000000000000000000000000100000582574706FLAVIO ALVES DA SILVA FERNANDE          TRAVESSA BIBIANA, 113 CASA 2            REALENGO - R21721310RIO DE JANEIRO RJUNIAO UMB DOS CULTOS AFRO BRAS    22121710 000054
10231987175000168916200163100    00003668                     000036680000000000000109                     I023668      22121700000000350003410000017N171117104700000000000102212170000000000000000000000000000000000000000100009400587740PAULO JORGE DA SILVA ABDALA             RUA PIRATININGA, LOTE 1 QUADRA 8        PQUE SAO BER26165435BELFORD ROXO   RJUNIAO UMB DOS CULTOS AFRO BRAS    22121710 000055
10231987175000168916200163100    00003663                     000036630000000000000109                     I023663      22121700000000350003410000017N171117104700000000000102212170000000000000000000000000000000000000000100001934622737ZENY MIRANDA DE SOUZA                   RUA ADRIANA, 63 - RECANTO SANTO ANTONIO SANTA RITA -26051130NOVA IGUACU    RJUNIAO UMB DOS CULTOS AFRO BRAS    22121710 000056
10231987175000168916200163100    00003661                     000036610000000000000109                     I023661      22121700000000350003410000017N171117104700000000000102212170000000000000000000000000000000000000000100000382904729EMERSON DOS SANTOS FIDELIS              RUA SEVERINO SANTOS, LOTE 20 QUADRA P   SARACURUNA -25212668DUQUE DE CAXIASRJUNIAO UMB DOS CULTOS AFRO BRAS    22121710 000057
10231987175000168916200163100    00003599                     000035990000000000000109                     I023599      22121700000000350003410000017N171117104700000000000102212170000000000000000000000000000000000000000200000000004818CONCEICAO SOUZA DE FREITAS              RUA SILVA JARDIM, 67                    VILA SAO LUI25086140DUQUE DE CAXIASRJUNIAO UMB DOS CULTOS AFRO BRAS    22121710 000058
10231987175000168916200163100    00003553                     000035530000000000000109                     I023553      22121700000000350003410000017N171117104700000000000102212170000000000000000000000000000000000000000200000000003341HELENA MARIA DA SILVA                   RUA VINTE E QUATRO DE OUTUBRO,  QUADRA BBARRO BRANCO25267450DUQUE DE CAXIASRJUNIAO UMB DOS CULTOS AFRO BRAS    22121710 000059
10231987175000168916200163100    00003477                     000034770000000000000109                     I023477      22121700000000350003410000017N171117104700000000000102212170000000000000000000000000000000000000000100083122869772ANDREIA OLIVEIRA DE MENEZES             RUA VICENTE PONTE, 41 - JARDIM CARIOCA  GUARABU - IL21921740RIO DE JANEIRO RJUNIAO UMB DOS CULTOS AFRO BRAS    22121710 000060
10231987175000168916200163100    00003472                     000034720000000000000109                     I023472      22121700000000350003410000017N171117104700000000000102212170000000000000000000000000000000000000000100003725237735LUCIANO LOPES DA SILVA                  ALAMEDA BUENO AIRES N 370               RIO DO OURO 24752360SAO GONCALO    RJUNIAO UMB DOS CULTOS AFRO BRAS    22121710 000061
10231987175000168916200163100    00003434                     000034340000000000000109                     I023434      22121700000000350003410000017N171117104700000000000102212170000000000000000000000000000000000000000100065213696791SILVIA ELIZABETE RODRIGUES              RUA JOAO BITTENCOURT, 286               EDSON PASSOS26240510MESQUITA       RJUNIAO UMB DOS CULTOS AFRO BRAS    22121710 000062
10231987175000168916200163100    00003417                     000034170000000000000109                     I023417      22121700000000350003410000017N171117104700000000000102212170000000000000000000000000000000000000000100000000001248DALVA FELIX DE OLIVEIRA                 RUA MATIAS DE ALBUQUERQUE, 37           BENTO RIBEIR21331120RIO DE JANEIRO RJUNIAO UMB DOS CULTOS AFRO BRAS    22121710 000063
10231987175000168916200163100    00003416                     000034160000000000000109                     I023416      22121700000000350003410000017N171117104700000000000102212170000000000000000000000000000000000000000100010324446730DEBORA ANDRADE SILVA                    O MESMO                                 O MESMO     22720360RIO DE JANEIRO RJUNIAO UMB DOS CULTOS AFRO BRAS    22121710 000064
10231987175000168916200163100    00003414                     000034140000000000000109                     I023414      22121700000000350003410000017N171117104700000000000102212170000000000000000000000000000000000000000100062497073791SIDIRENE FRANCISCO MACHADO              RUA PALMEIRA DAS MISSOES 422 FUNDOS     VILA SANTA R23015220CAMPO GRANDE   RJUNIAO UMB DOS CULTOS AFRO BRAS    22121710 000065
10231987175000168916200163100    00003413                     000034130000000000000109                     I023413      22121700000000350003410000017N171117104700000000000102212170000000000000000000000000000000000000000100003250127760MARIA ZULEICA CRUZ DA SILVA             O MESMO                                 O MESMO     26010421NOVA IGUACU    RJUNIAO UMB DOS CULTOS AFRO BRAS    22121710 000066
10231987175000168916200163100    00003404                     000034040000000000000109                     I023404      22121700000000350003410000017N171117104700000000000102212170000000000000000000000000000000000000000100043397170706VERA LUCIA FERREIRA DA SILVA            RUA ALICE N 183                         COMENDADOR S26262030NOVA IGUACU    RJUNIAO UMB DOS CULTOS AFRO BRAS    22121710 000067
10231987175000168916200163100    00002967                     000029670000000000000109                     I022967      31121700000000035003410000017N131117104700000000000103112170000000000000000000000000000000000000000100001148949739MARIA DAS GRACAS SEBASTIANA DO          RUA PEREIRA PINTO N 91                  TOMAS COELHO20761350RIO DE JANEIRO RJUNIAO UMB DOS CULTOS AFRO BRAS    31121710 000068
10231987175000168916200163100    00002697                     000026970000000000000109                     I022697      31121700000000035003410000017N131117104700000000000103112170000000000000000000000000000000000000000100003747539700MARCIA SANTANA DA SILVA COSTA           RUA GUAIAUNA N 392                      COELHO NETO 21510420RIO DE JANEIRO RJUNIAO UMB DOS CULTOS AFRO BRAS    31121710 000069
10231987175000168916200163100    00002600                     000026000000000000000109                     I022600      31121700000000035003410000017N131117104700000000000103112170000000000000000000000000000000000000000100014662855756JEFERSON DOS SANTOS                     O MESMO                                 O MESMO     26160190BELFORD ROXO   RJUNIAO UMB DOS CULTOS AFRO BRAS    31121710 000070
10231987175000168916200163100    00002501                     000025010000000000000109                     I022501      31121700000000035003410000017N131117104700000000000103112170000000000000000000000000000000000000000100001230403701DENILSON MOTA DRUMOND                   RUA, ALVES DA COSTA Nº 24 - ITAIPU     CHANGRILA - 26140320BELFORD ROXO   RJUNIAO UMB DOS CULTOS AFRO BRAS    31121710 000071
10231987175000168916200163100    00002421                     000024210000000000000109                     I022421      15011800000000035003410000017N131117104700000000000101501180000000000000000000000000000000000000000100081561326704MARCIO ELIAS GONCALVES                  RUA: NOVA Nº 654-A - GUARATIBA         CAMPO GRANDE21820210RIO DE JANEIRO RJUNIAO UMB DOS CULTOS AFRO BRAS    15011810 000072
10231987175000168916200163100    00002283                     000022830000000000000109                     I022283      31121700000000035003410000017N131117104700000000000103112170000000000000000000000000000000000000000100002735190773EDIVAN FARIAS DA SILVA                  RUA EDNA MEDEIROS, 69 - JARDIM MARILICE CORUMBA - NO26042430NOVA IGUACU    RJUNIAO UMB DOS CULTOS AFRO BRAS    31121710 000073
10231987175000168916200163100    00002063                     000020630000000000000109                     I022063      31121700000000035003410000017N131117104700000000000103112170000000000000000000000000000000000000000200000000003341HELENA MARIA DA SILVA                   RUA VINTE E QUATRO DE OUTUBRO,  QUADRA BBARRO BRANCO25267450DUQUE DE CAXIASRJUNIAO UMB DOS CULTOS AFRO BRAS    31121710 000074
10231987175000168916200163100    00001986                     000019860000000000000109                     I021986      31121700000000035003410000017N131117104700000000000103112170000000000000000000000000000000000000000100083122869772ANDREIA OLIVEIRA DE MENEZES             RUA VICENTE PONTE, 41 - JARDIM CARIOCA  GUARABU - IL21921740RIO DE JANEIRO RJUNIAO UMB DOS CULTOS AFRO BRAS    31121710 000075
10231987175000168916200163100    00001981                     000019810000000000000109                     I021981      31121700000000035003410000017N131117104700000000000103112170000000000000000000000000000000000000000100003725237735LUCIANO LOPES DA SILVA                  ALAMEDA BUENO AIRES N 370               RIO DO OURO 24752360SAO GONCALO    RJUNIAO UMB DOS CULTOS AFRO BRAS    31121710 000076
10231987175000168916200163100    00001714                     000017140000000000000109                     I021714      31121700000000035003410000017N131117104700000000000103112170000000000000000000000000000000000000000200000000000723ROSA MONIQUE SOUZA DA SILVA             RUA COSTA JUNIOR, 11                    VILA KENEDY 21853280RIO DE JANEIRO RJUNIAO UMB DOS CULTOS AFRO BRAS    31121710 000077
9                                                                                                                                                                                                                                                                                                                                                                                                         000078
