01REMESSA01COBRANCA       916200163100        União Umb dos Cultos Afro Bra341BANCO ITAU SA  030418                                                                                                                                                                                                                                                                                                      000001
10231987175000168916200163100    00008408                     000084080000000000000109                     I028408      05011800000000035003410000017N020118104700000000000100501180000000000000000000000000000000000000000100056864680797SONIA MARIA DA SILVA                    RUA A, 11 - LOTEAMENTO SANTA MARIA      CAMBOTA - VA27600000VALENCIA       RJUNIAO UMB DOS CULTOS AFRO BRAS    05011810 000002
10231987175000168916200163100    00004637                     000046370000000000000109                     I024637      22121700000000350003410000017N171117104700000000000102212170000000000000000000000000000000000000000100082391106734CASSIO SOUZA DA COSTA                   O MESMO                                 O MESMO     26112220BELFORD ROXO   RJUNIAO UMB DOS CULTOS AFRO BRAS    22121710 000003
10231987175000168916200163100    00004635                     000046350000000000000109                     I024635      22121700000000350003410000017N171117104700000000000102212170000000000000000000000000000000000000000100002882629729ANA PAULA DE SOUZA RIBEIRO VIL          O MESMO                                 O MESMO     21550130RIO DE JANEIRO RJUNIAO UMB DOS CULTOS AFRO BRAS    22121710 000004
10231987175000168916200163100    00004629                     000046290000000000000109                     I024629      22121700000000350003410000017N171117104700000000000102212170000000000000000000000000000000000000000100004474701755JACIRA DE ALMEIDA BATISTA JULI          O MESMO                                 O MESMO     25225660DUQUE DE CAXIASRJUNIAO UMB DOS CULTOS AFRO BRAS    22121710 000005
10231987175000168916200163100    00004628                     000046280000000000000109                     I024628      22121700000000350003410000017N171117104700000000000102212170000000000000000000000000000000000000000100077068505791JOSE CLEZIO DE SOUZA                    O MESMO                                 O MESMO     21331100RIO DE JANEIRO RJUNIAO UMB DOS CULTOS AFRO BRAS    22121710 000006
10231987175000168916200163100    00004627                     000046270000000000000109                     I024627      22121700000000350003410000017N171117104700000000000102212170000000000000000000000000000000000000000100038378345734ADELIR MARIA DAS NEVES TEIXEIR          O MESMO                                 O MESMO     25267320DUQUE DE CAXIASRJUNIAO UMB DOS CULTOS AFRO BRAS    22121710 000007
10231987175000168916200163100    00004626                     000046260000000000000109                     I024626      22121700000000350003410000017N171117104700000000000102212170000000000000000000000000000000000000000100006424589880LUIZ CARLOS BRITO                       O MESMO                                 O MESMO     26063230NOVA IGUACU    RJUNIAO UMB DOS CULTOS AFRO BRAS    22121710 000008
10231987175000168916200163100    00004624                     000046240000000000000109                     I024624      22121700000000350003410000017N171117104700000000000102212170000000000000000000000000000000000000000100007299785757EDSON NUNES DE SOUZA FILHO              O MESMO                                 O MESMO     24415050SAO GONCALO    RJUNIAO UMB DOS CULTOS AFRO BRAS    22121710 000009
10231987175000168916200163100    00004623                     000046230000000000000109                     I024623      22121700000000350003410000017N171117104700000000000102212170000000000000000000000000000000000000000100009250353782LUIZ CARLOS MATOLA                      APIACA                                  JARDIM PRIMA25056270DUQUE DE CAXIASRJUNIAO UMB DOS CULTOS AFRO BRAS    22121710 000010
10231987175000168916200163100    00004621                     000046210000000000000109                     I024621      22121700000000350003410000017N171117104700000000000102212170000000000000000000000000000000000000000100012345678910LUCIANA LUISA PEREIRA                   AVENIDA PORTO SEGURO N 469              LAGOMAR - MA27966870MACAE          RJUNIAO UMB DOS CULTOS AFRO BRAS    22121710 000011
10231987175000168916200163100    00004620                     000046200000000000000109                     I024620      22121700000000350003410000017N171117104700000000000102212170000000000000000000000000000000000000000100012464631728DIEGO TACITO COSTA HENRIQUE             RUA YONE MUZZI N 59                     MALVINAS - M27946310MACAE          RJUNIAO UMB DOS CULTOS AFRO BRAS    22121710 000012
10231987175000168916200163100    00004619                     000046190000000000000109                     I024619      22121700000000350003410000017N171117104700000000000102212170000000000000000000000000000000000000000200000000012990MARIA DA PENHA CORREA PINTO             RUA 1 CONDOMINIO 1 CASA 34              BOSQUE AZUL 27971250MACAE          RJUNIAO UMB DOS CULTOS AFRO BRAS    22121710 000013
10231987175000168916200163100    00004618                     000046180000000000000109                     I024618      22121700000000350003410000017N171117104700000000000102212170000000000000000000000000000000000000000100078514533568PAULO SERGIO SANTOS SANTANA             RUA: W 12 -  TRAVESSA SENA CASA 10      LAGOMAR - MA27966590MACAE          RJUNIAO UMB DOS CULTOS AFRO BRAS    22121710 000014
10231987175000168916200163100    00004617                     000046170000000000000109                     I024617      22121700000000350003410000017N171117104700000000000102212170000000000000000000000000000000000000000100010456888780TIAGO PINTO ESPOSTI                     RUA ROSSINA FREITAS MEDEIROS N 38       PARQUE AEROP27963672MACAE          RJUNIAO UMB DOS CULTOS AFRO BRAS    22121710 000015
10231987175000168916200163100    00004616                     000046160000000000000109                     I024616      22121700000000350003410000017N171117104700000000000102212170000000000000000000000000000000000000000100007208431701WEMERSON JOAO FARIAS DA SILVA           RUA: C N 3 LOTE 3 QUADRA G              SEPETIBA - R23545040RIO DE JANEIRO RJUNIAO UMB DOS CULTOS AFRO BRAS    22121710 000016
10231987175000168916200163100    00004615                     000046150000000000000109                     I024615      22121700000000350003410000017N171117104700000000000102212170000000000000000000000000000000000000000100073960560710CLAUDIA MARIA DE OLIVEIRA DOS           RUA: CARATUVA N 145                     JARDIM SULAC22725020RIO DE JANEIRO RJUNIAO UMB DOS CULTOS AFRO BRAS    22121710 000017
10231987175000168916200163100    00004614                     000046140000000000000109                     I024614      22121700000000350003410000017N171117104700000000000102212170000000000000000000000000000000000000000100014933850704LIDIA GABRIELLE DIAS RIBEIRO            RUA JORGE BRAGANCA SN LOTE 28 QUADRA 70 BOM PASTOR -26110080BELFORD ROXO   RJUNIAO UMB DOS CULTOS AFRO BRAS    22121710 000018
10231987175000168916200163100    00004613                     000046130000000000000109                     I024613      22121700000000350003410000017N171117104700000000000102212170000000000000000000000000000000000000000100097990531704CICERO ROGERIO DA SILVA MATOS           RUA: ROBERTO N 99                       VILA GUIMARA26088425NOVA IGUACU    RJUNIAO UMB DOS CULTOS AFRO BRAS    22121710 000019
10231987175000168916200163100    00004612                     000046120000000000000109                     I024612      22121700000000350003410000017N171117104700000000000102212170000000000000000000000000000000000000000100001478776790CLEUSA FERREIRA PEREIRA                 RUA THEREMIN N 393                      COELHO NETO 21530290RIO DE JANEIRO RJUNIAO UMB DOS CULTOS AFRO BRAS    22121710 000020
10231987175000168916200163100    00004611                     000046110000000000000109                     I024611      22121700000000350003410000017N171117104700000000000102212170000000000000000000000000000000000000000100067424647734MARCIA VALERIA VALIATI DOS SAN          RUA CONSTANCA BARBOSA N 65 APT 202      MEIER - RIO 20735090RIO DE JANEIRO RJUNIAO UMB DOS CULTOS AFRO BRAS    22121710 000021
10231987175000168916200163100    00004390                     000043900000000000000109                     I024390      22121700000000350003410000017N171117104700000000000102212170000000000000000000000000000000000000000100001968753790ROSANGELA CRISTINA GOULART              RUA LUIZ BATISTA LOPES N 35 - IUCAS     IUCAS - TERE25964240TERESOPOLIS    RJUNIAO UMB DOS CULTOS AFRO BRAS    22121710 000022
10231987175000168916200163100    00004389                     000043890000000000000109                     I024389      22121700000000350003410000017N171117104700000000000102212170000000000000000000000000000000000000000100004274441792ALEXANDER SOUZA DA CUNHA                RUA E PROJETADA SN LOTE 17 QUADRA 20 - SSEPETIBA - R23545003RIO DE JANEIRO RJUNIAO UMB DOS CULTOS AFRO BRAS    22121710 000023
10231987175000168916200163100    00004384                     000043840000000000000109                     I024384      22121700000000350003410000017N171117104700000000000102212170000000000000000000000000000000000000000100001084586797ANA GLORIA NONATO CASTILHO              RUA ANTONIO JOSE DE MORAES N°210 FUNDOSPAVUNA - RJ 25515140RIO DE JANEIRO RJUNIAO UMB DOS CULTOS AFRO BRAS    22121710 000024
10231987175000168916200163100    00004383                     000043830000000000000109                     I024383      22121700000000350003410000017N171117104700000000000102212170000000000000000000000000000000000000000200000000012656PAULO CESAR MARINS DA SILVA             RUA EDUARDO NORONHA N 35                ROCHA - SAO 24420615SAO GONCALO    RJUNIAO UMB DOS CULTOS AFRO BRAS    22121710 000025
10231987175000168916200163100    00004382                     000043820000000000000109                     I024382      22121700000000350003410000017N171117104700000000000102212170000000000000000000000000000000000000000100080020542704DENISE PINHEIRO MOURA                   RUA SOTERO VAZ                          IRAJA - RJ  21230140RIO DE JANEIRO RJUNIAO UMB DOS CULTOS AFRO BRAS    22121710 000026
10231987175000168916200163100    00004381                     000043810000000000000109                     I024381      22121700000000350003410000017N171117104700000000000102212170000000000000000000000000000000000000000100000907912745JULIO CESAR FRANCA CORREA               RUA ITAPERUNA N 55                      VILA DE CAVA26056260NOVA IGUACU    RJUNIAO UMB DOS CULTOS AFRO BRAS    22121710 000027
10231987175000168916200163100    00004380                     000043800000000000000109                     I024380      22121700000000350003410000017N171117104700000000000102212170000000000000000000000000000000000000000100012663149705DIEGO PARREIRA DE ARAUJO                RUA ERMENEGILDO DE SOUZA QUADRA 18 LOTE JARDIM SAO J23890103SEROPEDICA     RJUNIAO UMB DOS CULTOS AFRO BRAS    22121710 000028
10231987175000168916200163100    00004379                     000043790000000000000109                     I024379      22121700000000350003410000017N171117104700000000000102212170000000000000000000000000000000000000000100067321364704MARGARETH SOARES PECHIR                 RUA PRACINHA CESARIO AGUIAR N 256       PITANGUEIRAS21930230ILHA DO GOVERNARJUNIAO UMB DOS CULTOS AFRO BRAS    22121710 000029
10231987175000168916200163100    00004377                     000043770000000000000109                     I024377      22121700000000350003410000017N171117104700000000000102212170000000000000000000000000000000000000000100051990827672LUIZ CARLOS JACOVETE                    TRAVESSA OZIAS VIEIRA RAMOS N 53 - JARDIJARDIM SAO C13216445JUNDIAI        SPUNIAO UMB DOS CULTOS AFRO BRAS    22121710 000030
10231987175000168916200163100    00004375                     000043750000000000000109                     I024375      22121700000000350003410000017N171117104700000000000102212170000000000000000000000000000000000000000100078885647715NELMA ARLOY VIEIRA                      RUA QUIRIRIM N 1534 CASA 34 SUBSOLO     VILA VALQUEI21380658RIO DE JANEIRO RJUNIAO UMB DOS CULTOS AFRO BRAS    22121710 000031
10231987175000168916200163100    00004373                     000043730000000000000109                     I024373      22121700000000350003410000017N171117104700000000000102212170000000000000000000000000000000000000000100059836490000ARISTIDES MANOEL VILA VERDE             RUA LUCIANO GEREMIAS N 285              FORQUILHINHA88106618SAO JOSE       SCUNIAO UMB DOS CULTOS AFRO BRAS    22121710 000032
10231987175000168916200163100    00004372                     000043720000000000000109                     I024372      22121700000000350003410000017N171117104700000000000102212170000000000000000000000000000000000000000100054968330782REGINA DA MOTA TRINDADE                 RUA CORVILHA LOTE 5 QUADRA 351          PARADA MORAB25265353DUQUE DE CAXIASRJUNIAO UMB DOS CULTOS AFRO BRAS    22121710 000033
10231987175000168916200163100    00004369                     000043690000000000000109                     I024369      22121700000000350003410000017N171117104700000000000102212170000000000000000000000000000000000000000100030400942895CLAUDIA REIS SANTOS ARAUJO              RUA LUIS PASQUALLE NETO                 SAO JOAO CLI04241030SAO PAULO      SPUNIAO UMB DOS CULTOS AFRO BRAS    22121710 000034
10231987175000168916200163100    00004368                     000043680000000000000109                     I024368      22121700000000350003410000017N171117104700000000000102212170000000000000000000000000000000000000000100003858469750MARIA DO SOCORRO PEREIRA DE SO          RUA CIRENE DE MORAES COSTA SN QUADRA D LTRES FONTES 26382506NOVA IGUACU    RJUNIAO UMB DOS CULTOS AFRO BRAS    22121710 000035
10231987175000168916200163100    00004367                     000043670000000000000109                     I024367      22121700000000350003410000017N171117104700000000000102212170000000000000000000000000000000000000000100013710350751DIOGO BARBOZA SILVA                     RUA SUZANA N 72                         PONTO CHIC -26280560NOVA IGUACU    RJUNIAO UMB DOS CULTOS AFRO BRAS    22121710 000036
10231987175000168916200163100    00004366                     000043660000000000000109                     I024366      22121700000000350003410000017N171117104700000000000102212170000000000000000000000000000000000000000100007049805769DAYSI LUCIA FREIRE DE AZEVEDO           ESTRADA CAETANO MONTEIRO 747            LARGO DA BAT24320570NITEROI        RJUNIAO UMB DOS CULTOS AFRO BRAS    22121710 000037
10231987175000168916200163100    00004365                     000043650000000000000109                     I024365      22121700000000350003410000017N171117104700000000000102212170000000000000000000000000000000000000000200000000012620BRUNO LUIS MAGALHAES DE SOUSA           RUA HOMERO SOBRINHO LOTE 16 QUADRA 8    MALHAPAO - B26187495BELFORD ROXO   RJUNIAO UMB DOS CULTOS AFRO BRAS    22121710 000038
10231987175000168916200163100    00004364                     000043640000000000000109                     I024364      22121700000000350003410000017N171117104700000000000102212170000000000000000000000000000000000000000100037257831715WALTANIR LOURENCO DOS SANTOS            RUA APORUNA N 52                        PARQUE SAO J26190130BELFORD ROXO   RJUNIAO UMB DOS CULTOS AFRO BRAS    22121710 000039
10231987175000168916200163100    00004362                     000043620000000000000109                     I024362      22121700000000350003410000017N171117104700000000000102212170000000000000000000000000000000000000000100003856750989BIENI MENDES DA SILVA                   RUA TRES N 165                          JARDIM BEIRA27525584RESENDE        RJUNIAO UMB DOS CULTOS AFRO BRAS    22121710 000040
10231987175000168916200163100    00004361                     000043610000000000000109                     I024361      22121700000000350003410000017N171117104700000000000102212170000000000000000000000000000000000000000100010129034789TERESA DE FATIMA ALVES BATISTA          RUA PERIMETRAL SUL N 1212               CIDADE DA AL27525066RESENDE        RJUNIAO UMB DOS CULTOS AFRO BRAS    22121710 000041
10231987175000168916200163100    00004360                     000043600000000000000109                     I024360      22121700000000350003410000017N171117104700000000000102212170000000000000000000000000000000000000000100067870872768MILTON ALMEIDA DA SILVA                 RUA SENHOR DOS PASSOS N 501             VILA MODERNA27514090RESENDE        RJUNIAO UMB DOS CULTOS AFRO BRAS    22121710 000042
10231987175000168916200163100    00004359                     000043590000000000000109                     I024359      22121700000000350003410000017N171117104700000000000102212170000000000000000000000000000000000000000100005248174724CARLOS EDUARDO BENTO DE OLIVEI          RUA MARGARIDAS N 935                    CIDADE ALEGR27525340RESENDE        RJUNIAO UMB DOS CULTOS AFRO BRAS    22121710 000043
10231987175000168916200163100    00004358                     000043580000000000000109                     I024358      22121700000000350003410000017N171117104700000000000102212170000000000000000000000000000000000000000100005785015706JOSE TOMASIO                            RUA DA FIGUEIRA N 102                   TRES POCOS -27240590VOLTA REDONDA  RJUNIAO UMB DOS CULTOS AFRO BRAS    22121710 000044
10231987175000168916200163100    00004357                     000043570000000000000109                     I024357      22121700000000350003410000017N171117104700000000000102212170000000000000000000000000000000000000000100080869513753DINA LADISLAU DE SOUZA                  RUA ANGELA ABELANE SN LOTE 18 QUADRA 15 BRISAMAR - I23826420ITAGUAI        RJUNIAO UMB DOS CULTOS AFRO BRAS    22121710 000045
10231987175000168916200163100    00004356                     000043560000000000000109                     I024356      22121700000000350003410000017N171117104700000000000102212170000000000000000000000000000000000000000100038183868720ZILDA SIMOES DO NASCIMENTO MAN          RUA IBITINGA N 31 LOTE 9                PARQUE SAO B26167160BELFORD ROXO   RJUNIAO UMB DOS CULTOS AFRO BRAS    22121710 000046
10231987175000168916200163100    00004353                     000043530000000000000109                     I024353      22121700000000350003410000017N171117104700000000000102212170000000000000000000000000000000000000000100009195704719ALEXANDRE HENRIQUE SILVA                RUA MAURO N 15                          TRIANGULO - 26051600NOVA IGUACU    RJUNIAO UMB DOS CULTOS AFRO BRAS    22121710 000047
10231987175000168916200163100    00004271                     000042710000000000000109                     I024271      22121700000000350003410000017N171117104700000000000102212170000000000000000000000000000000000000000100084290951791ZUELI DA SILVA                          RUA JOSE MARIO FERREIRA, 64             COIMBRA - BA27115180BARRA DO PIRAI RJUNIAO UMB DOS CULTOS AFRO BRAS    22121710 000048
10231987175000168916200163100    00004136                     000041360000000000000109                     I024136      22121700000000350003410000017N171117104700000000000102212170000000000000000000000000000000000000000100000092416713LOURDES GONCALVES DA SILVA CAB          RUA GUATEMALA, 467 CASA 1 FRENTE        PENHA CIRCUL21020170RIO DE JANEIRO RJUNIAO UMB DOS CULTOS AFRO BRAS    22121710 000049
10231987175000168916200163100    00004133                     000041330000000000000109                     I024133      22121700000000350003410000017N171117104700000000000102212170000000000000000000000000000000000000000100004168412792SERGIO LUIZ PEREIRA DOS SANTOS          RUA CORONEL JOAO DA SILVA MOREIRA, 54   CAIEIRA VELH27145170RIO DE JANEIRO RJUNIAO UMB DOS CULTOS AFRO BRAS    22121710 000050
10231987175000168916200163100    00004132                     000041320000000000000109                     I024132      22121700000000350003410000017N171117104700000000000102212170000000000000000000000000000000000000000100074734440778NILMA SANTOS ANDRADE                    RUA AGUIA BRANCA, LOTE 15 QUADRA 68     CAROBINHA   23097630RIO DE JANEIRO RJUNIAO UMB DOS CULTOS AFRO BRAS    22121710 000051
10231987175000168916200163100    00004130                     000041300000000000000109                     I024130      22121700000000350003410000017N171117104700000000000102212170000000000000000000000000000000000000000100004275651707KELLY CRISTINE FERREIRA DOS SA          RUA INHARE, 326                         CASCADURA/RJ21311190RIO DE JANEIRO RJUNIAO UMB DOS CULTOS AFRO BRAS    22121710 000052
10231987175000168916200163100    00004128                     000041280000000000000109                     I024128      22121700000000350003410000017N171117104700000000000102212170000000000000000000000000000000000000000100077217942772LUIZ CLAUDIO CONCEICAO MAIA             RUA DOUTOR THOUZET, 577 B - FUNDOS      QUITANDINHA 25650061PETROPOLIS     RJUNIAO UMB DOS CULTOS AFRO BRAS    22121710 000053
10231987175000168916200163100    00004127                     000041270000000000000109                     I024127      22121700000000350003410000017N171117104700000000000102212170000000000000000000000000000000000000000100074202928768PELOPIDIA MARIA DE OLIVEIRA             RUA BOLIVIA, 59 - ESTRADA SETE RIACHOS  SANTISSIMO -23097000RIO DE JANEIRO RJUNIAO UMB DOS CULTOS AFRO BRAS    22121710 000054
10231987175000168916200163100    00004126                     000041260000000000000109                     I024126      22121700000000350003410000017N171117104700000000000102212170000000000000000000000000000000000000000100003367432709KHRYSTIENE COSTA MOTTA                  RUA PINHEIRO CHAGAS, 74                 PARQUE ANCHI21620500RIO DE JANEIRO RJUNIAO UMB DOS CULTOS AFRO BRAS    22121710 000055
10231987175000168916200163100    00004124                     000041240000000000000109                     I024124      22121700000000350003410000017N171117104700000000000102212170000000000000000000000000000000000000000100058125019715RAYMUNDA DA SILVA BASTOS                RUA PRESIDENTE CASTELO BRANCO, 88       CAROLINA - D25060040DUQUE DE CAXIASRJUNIAO UMB DOS CULTOS AFRO BRAS    22121710 000056
10231987175000168916200163100    00004122                     000041220000000000000109                     I024122      22121700000000350003410000017N171117104700000000000102212170000000000000000000000000000000000000000100010475138708CAMILA ARAUJO DA MOTTA                  RUA SAO BRAZ, 232 APTO 202              TODOS OS SAN20770150RIO DE JANEIRO RJUNIAO UMB DOS CULTOS AFRO BRAS    22121710 000057
10231987175000168916200163100    00004121                     000041210000000000000109                     I024121      22121700000000350003410000017N171117104700000000000102212170000000000000000000000000000000000000000100004280484716CARLOS ANDRE ROCHA                      RUA E, 162                              ENGENHO DE D20730170RIO DE JANEIRO RJUNIAO UMB DOS CULTOS AFRO BRAS    22121710 000058
10231987175000168916200163100    00004120                     000041200000000000000109                     I024120      22121700000000350003410000017N171117104700000000000102212170000000000000000000000000000000000000000100001189035782ANDERSON MELLO DE PAULA                 RUA CARATINGA, 15                       HONORIO GURG21511200RIO DE JANEIRO RJUNIAO UMB DOS CULTOS AFRO BRAS    22121710 000059
10231987175000168916200163100    00004119                     000041190000000000000109                     I024119      22121700000000350003410000017N171117104700000000000102212170000000000000000000000000000000000000000100014324870780ANDREY SANTOS ESTEVES                   RUA GENERAL SEZEFREDO, 7 - REALENGO     REALENGO/RJ 21715060RIO DE JANEIRO RJUNIAO UMB DOS CULTOS AFRO BRAS    22121710 000060
10231987175000168916200163100    00004118                     000041180000000000000109                     I024118      22121700000000350003410000017N171117104700000000000102212170000000000000000000000000000000000000000100007599144781MARIA AUXILIADORA REIS LUZIA            RUA MARIO PEDRO DA SILVA, 30            COLINAS - MA24903780MARICA         RJUNIAO UMB DOS CULTOS AFRO BRAS    22121710 000061
10231987175000168916200163100    00004117                     000041170000000000000109                     I024117      22121700000000350003410000017N171117104700000000000102212170000000000000000000000000000000000000000100078501946753ELIANA GONCALVES DE SOUZA               RUA  DOUTOR GARNIER, 381                ROCHA - RIO 20975000RIO DE JANEIRO RJUNIAO UMB DOS CULTOS AFRO BRAS    22121710 000062
10231987175000168916200163100    00004116                     000041160000000000000109                     I024116      22121700000000350003410000017N171117104700000000000102212170000000000000000000000000000000000000000100009939589743THIAGO PASSOS DA SILVA DO NASC          RUA CUPERTINO, 389                      QUINTINO BOC21380150RIO DE JANEIRO RJUNIAO UMB DOS CULTOS AFRO BRAS    22121710 000063
10231987175000168916200163100    00004115                     000041150000000000000109                     I024115      22121700000000350003410000017N171117104700000000000102212170000000000000000000000000000000000000000100049498320772LUZIA INACIO BARBOSA                    RUA JOAO ALBERTO, LOTE 2 QUADRA 36      EDEN - SAO J25540060SAO JOAO DE MERRJUNIAO UMB DOS CULTOS AFRO BRAS    22121710 000064
10231987175000168916200163100    00004114                     000041140000000000000109                     I024114      22121700000000350003410000017N171117104700000000000102212170000000000000000000000000000000000000000100002830222725SHEILA RODRIGUES                        RUA DOS OPERARIOS, 379                  NOVO MUNDO -25900000MAGE           RJUNIAO UMB DOS CULTOS AFRO BRAS    22121710 000065
10231987175000168916200163100    00004112                     000041120000000000000109                     I024112      22121700000000350003410000017N171117104700000000000102212170000000000000000000000000000000000000000100032955761420VRADELEIDE MARIA DOS SANTOS             ESTRADA MARACAJAS, 725 CASA 2 FUNDOS    ILHA DO GOVE21941390RIO DE JANEIRO RJUNIAO UMB DOS CULTOS AFRO BRAS    22121710 000066
10231987175000168916200163100    00004110                     000041100000000000000109                     I024110      22121700000000350003410000017N171117104700000000000102212170000000000000000000000000000000000000000100000383552729LUIZ BRUM PECANHA                       AVENIDA DOM HELDER CAMARA, 497 APTO 201 BENFICA - RI20911291RIO DE JANEIRO RJUNIAO UMB DOS CULTOS AFRO BRAS    22121710 000067
10231987175000168916200163100    00004109                     000041090000000000000109                     I024109      22121700000000350003410000017N171117104700000000000102212170000000000000000000000000000000000000000100073686913704ANTONIO CORDEIRO DA SILVA               RUA ESTRELA DALVA, 2                    ITANHANGA - 22753010RIO DE JANEIRO RJUNIAO UMB DOS CULTOS AFRO BRAS    22121710 000068
10231987175000168916200163100    00004106                     000041060000000000000109                     I024106      22121700000000350003410000017N171117104700000000000102212170000000000000000000000000000000000000000100075597543768MARCIA REGINA DE ALMEIDA XAVIE          RUA ZENITAL, LOTE 10 QUADRA E           JARDIM PARAI26297300NOVA IGUACU    RJUNIAO UMB DOS CULTOS AFRO BRAS    22121710 000069
10231987175000168916200163100    00004105                     000041050000000000000109                     I024105      22121700000000350003410000017N171117104700000000000102212170000000000000000000000000000000000000000100011304237606GETULIO FERNANDES DA SILVA              RUA DOIS DE JULHO, LOTE 35 QUADRA 2 - DOCABUCU - NOV26293333NOVA IGUACU    RJUNIAO UMB DOS CULTOS AFRO BRAS    22121710 000070
10231987175000168916200163100    00004104                     000041040000000000000109                     I024104      22121700000000350003410000017N171117104700000000000102212170000000000000000000000000000000000000000100007469084746SILVIO GOMES BARBOSA                    RUA ALCIDES MAIA, 78 CASA 3             BENTO RIBEIR21550560RIO DE JANEIRO RJUNIAO UMB DOS CULTOS AFRO BRAS    22121710 000071
10231987175000168916200163100    00004103                     000041030000000000000109                     I024103      22121700000000350003410000017N171117104700000000000102212170000000000000000000000000000000000000000100062700090730ZORAIA TOGNARELLI DA CRUZ               RUA CORREA DUTRA, 78 APTO 501           FLAMENGO - R22210050RIO DE JANEIRO RJUNIAO UMB DOS CULTOS AFRO BRAS    22121710 000072
10231987175000168916200163100    00004102                     000041020000000000000109                     I024102      22121700000000350003410000017N171117104700000000000102212170000000000000000000000000000000000000000100069833850715WALTER LIMA DE AVELLAR                  RUA SAO JOSE, S/N QUADRA 47 LOTE 19     ITAIPUACU - 24900000MARICA         RJUNIAO UMB DOS CULTOS AFRO BRAS    22121710 000073
10231987175000168916200163100    00004101                     000041010000000000000109                     I024101      22121700000000350003410000017N171117104700000000000102212170000000000000000000000000000000000000000100047783877753RAIMUNDO NONATO VALENCA RIBEIR          AVENIDA PREFEITO BRAULINO DE MATOS REIS,COPACABANA -25060440DUQUE DE CAXIASRJUNIAO UMB DOS CULTOS AFRO BRAS    22121710 000074
10231987175000168916200163100    00004100                     000041000000000000000109                     I024100      22121700000000350003410000017N171117104700000000000102212170000000000000000000000000000000000000000100068648006791SANDRA MARTA GOMES DA COSTA             RUA LAGUNA, 678                         VILAR NOVO -26115620BELFORD ROXO   RJUNIAO UMB DOS CULTOS AFRO BRAS    22121710 000075
10231987175000168916200163100    00004099                     000040990000000000000109                     I024099      22121700000000350003410000017N171117104700000000000102212170000000000000000000000000000000000000000100082818002753ELIZA DOS SANTOS MATIAS MAIA            RUA J, LOTE 15 QUADRA 22 - CONJUNTO SANTINHOAIBA - R23062000RIO DE JANEIRO RJUNIAO UMB DOS CULTOS AFRO BRAS    22121710 000076
10231987175000168916200163100    00004098                     000040980000000000000109                     I024098      22121700000000350003410000017N171117104700000000000102212170000000000000000000000000000000000000000100002172284700EDILAMAR GORETTI PARREIRA               RUA PETROLINA, LOTE 22 QUADRA 12        JD CABUCU - 26291407NOVA IGUACU    RJUNIAO UMB DOS CULTOS AFRO BRAS    22121710 000077
10231987175000168916200163100    00004097                     000040970000000000000109                     I024097      22121700000000350003410000017N171117104700000000000102212170000000000000000000000000000000000000000100012818389771SANDOVAL DA SILVA MORAIS                RUA HENRIQUE VALVANO, S/N CASA 2 LOTE 1 ANCHIETA - R21645280RIO DE JANEIRO RJUNIAO UMB DOS CULTOS AFRO BRAS    22121710 000078
10231987175000168916200163100    00004096                     000040960000000000000109                     I024096      22121700000000350003410000017N171117104700000000000102212170000000000000000000000000000000000000000100045063435220RICARDO ALEXANDRE DE SIQUEIRA           RUA VENTE E TRES DE DEZEMBRO, 17        ANCHIETA - R21645520RIO DE JANEIRO RJUNIAO UMB DOS CULTOS AFRO BRAS    22121710 000079
10231987175000168916200163100    00004046                     000040460000000000000109                     I024046      22121700000000350003410000017N171117104700000000000102212170000000000000000000000000000000000000000100038230445753ABILIO ALFREDO DUARTE                   RUA: ORQUIDEAS S/Nº LOTE 72 - GUARATIBARIO DE JANEI23026000RIO DE JANEIRO RJUNIAO UMB DOS CULTOS AFRO BRAS    22121710 000080
10231987175000168916200163100    00003911                     000039110000000000000109                     I023911      22121700000000350003410000017N171117104700000000000102212170000000000000000000000000000000000000000100089448712715ADELINA GONCALVES                       AVENIDA JOAQUIM CAMARA FERREIRA, 687    VILA KENEDY 21850180RIO DE JANEIRO RJUNIAO UMB DOS CULTOS AFRO BRAS    22121710 000081
10231987175000168916200163100    00003880                     000038800000000000000109                     I023880      22121700000000350003410000017N171117104700000000000102212170000000000000000000000000000000000000000100010329411705RODRIGO SILVA DO NASCIMENTO SA          RUA: PAPA FOLHA LOTE 2 QUADRA 28 - VILA DUQUE DE CAX25255190DUQUE DE CAXIASRJUNIAO UMB DOS CULTOS AFRO BRAS    22121710 000082
10231987175000168916200163100    00003877                     000038770000000000000109                     I023877      22121700000000350003410000017N171117104700000000000102212170000000000000000000000000000000000000000100081294263749MARIA CLELIA SILVA BRAGA                RUA SEIS DE ABRIL, LOTE 29 QUADRA 21    JARDIM IPIRA26293336NOVA IGUACU    RJUNIAO UMB DOS CULTOS AFRO BRAS    22121710 000083
10231987175000168916200163100    00003876                     000038760000000000000109                     I023876      22121700000000350003410000017N171117104700000000000102212170000000000000000000000000000000000000000100001820956733JUREMA RODRIGUES DE OLIVEIRA            RUA ANTONIO TEODORO DE CASTRO, 88 CASA 1PACIENCIA - 23573200RIO DE JANEIRO RJUNIAO UMB DOS CULTOS AFRO BRAS    22121710 000084
10231987175000168916200163100    00003875                     000038750000000000000109                     I023875      22121700000000350003410000017N171117104700000000000102212170000000000000000000000000000000000000000100091334306753LUCIA DE ANDRADE VAZ DE MELLO           RUA SANTO AGOSTINHO, 200 CASA 47        ANDARAI - RI20541260RIO DE JANEIRO RJUNIAO UMB DOS CULTOS AFRO BRAS    22121710 000085
10231987175000168916200163100    00003874                     000038740000000000000109                     I023874      22121700000000350003410000017N171117104700000000000102212170000000000000000000000000000000000000000100081632746700LEILA DOS SANTOS SILVA                  RUA VIRGILIO BRIGIDO, 369               CAMPO GRANDE23045805RIO DE JANEIRO RJUNIAO UMB DOS CULTOS AFRO BRAS    22121710 000086
10231987175000168916200163100    00003873                     000038730000000000000109                     I023873      22121700000000350003410000017N171117104700000000000102212170000000000000000000000000000000000000000100009261822770ANDERSON LUIZ DE SANTANA MACHA          RUA OTRANTO, 290 A                      VIGARIO GERA21241090RIO DE JANEIRO RJUNIAO UMB DOS CULTOS AFRO BRAS    22121710 000087
10231987175000168916200163100    00003871                     000038710000000000000109                     I023871      22121700000000350003410000017N171117104700000000000102212170000000000000000000000000000000000000000100073871117749MARIA APARECIDA DE AVILA                RUA ARMANDES RODRIGUES DA SILVA, 105    BELVEDERE TA27113540BARRA DO PIRAI RJUNIAO UMB DOS CULTOS AFRO BRAS    22121710 000088
10231987175000168916200163100    00003870                     000038700000000000000109                     I023870      22121700000000350003410000017N171117104700000000000102212170000000000000000000000000000000000000000100079291040797CELMA DA SILVA                          RUA MONS TOMAS TEIJERINA, 373           MONTE D OURO27600000VALENCA        RJUNIAO UMB DOS CULTOS AFRO BRAS    22121710 000089
10231987175000168916200163100    00003869                     000038690000000000000109                     I023869      22121700000000350003410000017N171117104700000000000102212170000000000000000000000000000000000000000100025569929720JOSE WILSON DE ARAUJO                   RUA SEABRA FILHO, 829                   INHOAIBA - R23062000RIO DE JANEIRO RJUNIAO UMB DOS CULTOS AFRO BRAS    22121710 000090
10231987175000168916200163100    00003867                     000038670000000000000109                     I023867      22121700000000350003410000017N171117104700000000000102212170000000000000000000000000000000000000000100047627816734DORACI BARBARA RIBEIRO DO COUT          RUA PRIMEIRO DE MAIO, LOTE 15 QUADRA 19 PARQUE IPIRA26359510MESQUITA       RJUNIAO UMB DOS CULTOS AFRO BRAS    22121710 000091
10231987175000168916200163100    00003864                     000038640000000000000109                     I023864      22121700000000350003410000017N171117104700000000000102212170000000000000000000000000000000000000000100000000009808ILIDIA MAGNA DA SILVA DE OLIVE          RUA LEOCADIO DE MELO N 272              NOVA ERA - N26272060NOVA IGUACU    RJUNIAO UMB DOS CULTOS AFRO BRAS    22121710 000092
10231987175000168916200163100    00003863                     000038630000000000000109                     I023863      22121700000000350003410000017N171117104700000000000102212170000000000000000000000000000000000000000100077417232787MARIA IZABEL CUNHA DA SILVA             RUA 1 DE MAIO, LOTE 4 QUADRA 20         IPIRANGA - N26293480NOVA IGUACU    RJUNIAO UMB DOS CULTOS AFRO BRAS    22121710 000093
10231987175000168916200163100    00003862                     000038620000000000000109                     I023862      22121700000000350003410000017N171117104700000000000102212170000000000000000000000000000000000000000100042598907787IRACI CARDOSO DOS SANTOS                RUA LUIZ FELECIANO  LARANJAL, LOTE 16 QULARANJAL - S24725370SAO GONCALO    RJUNIAO UMB DOS CULTOS AFRO BRAS    22121710 000094
10231987175000168916200163100    00003861                     000038610000000000000109                     I023861      22121700000000350003410000017N171117104700000000000102212170000000000000000000000000000000000000000100007889991760ELAINE APARECIDA SOUZA DA COST          RUA SILVIO DE FREITAS, 654              JARDIM NOVA 26272010NOVA IGUACU    RJUNIAO UMB DOS CULTOS AFRO BRAS    22121710 000095
10231987175000168916200163100    00003860                     000038600000000000000109                     I023860      22121700000000350003410000017N171117104700000000000102212170000000000000000000000000000000000000000100008184015755ELIZABETH DE SOUZA                      RUA MERCURIO, 36 CASA 3 FUNDOS          SANTA TEREZI26553260MESQUITA       RJUNIAO UMB DOS CULTOS AFRO BRAS    22121710 000096
10231987175000168916200163100    00003859                     000038590000000000000109                     I023859      22121700000000350003410000017N171117104700000000000102212170000000000000000000000000000000000000000100011140864793CLAUDIA THEODORO                        RUA VINTE E NOVE DE SETEMBRO, 1760      CARAMBITA - 27600000VALENCA        RJUNIAO UMB DOS CULTOS AFRO BRAS    22121710 000097
10231987175000168916200163100    00003857                     000038570000000000000109                     I023857      22121700000000350003410000017N171117104700000000000102212170000000000000000000000000000000000000000100015744914587ARISTOCLEMILDA PEREIRA DOS SAN          RUA M, LOTE 23 QUADRA 67                VILA EMA - I25271540DUQUE DE CAXIASRJUNIAO UMB DOS CULTOS AFRO BRAS    22121710 000098
10231987175000168916200163100    00003855                     000038550000000000000109                     I023855      22121700000000350003410000017N171117104700000000000102212170000000000000000000000000000000000000000100000000010379RAIMUNDO AMARAL BARROS                  RUA IRMA MARIA MAURITA, 11 QUADRA 1 LOTEGUARATIBA - 23035090RIO DE JANEIRO RJUNIAO UMB DOS CULTOS AFRO BRAS    22121710 000099
10231987175000168916200163100    00003854                     000038540000000000000109                     I023854      22121700000000350003410000017N171117104700000000000102212170000000000000000000000000000000000000000100008014210719JOERC VITORINO MATOS                    RUA ANTONIO SALEMA, 607 FUNDOS          VILA DE CAVA26052320NOVA IGUACU    RJUNIAO UMB DOS CULTOS AFRO BRAS    22121710 000100
10231987175000168916200163100    00003853                     000038530000000000000109                     I023853      22121700000000350003410000017N171117104700000000000102212170000000000000000000000000000000000000000100037256246749MARIA HELENA ARQUIMEDES CHAGAS          RUA MARIA MACIEIRA, 9 CASA 2 FUNDOS     MADUREIRA - 21310070RIO DE JANEIRO RJUNIAO UMB DOS CULTOS AFRO BRAS    22121710 000101
10231987175000168916200163100    00003851                     000038510000000000000109                     I023851      22121700000000350003410000017N171117104700000000000102212170000000000000000000000000000000000000000100078602114753JORGE GONCALVES MENDES                  RUA ESCALDA, 61                         JARDIM CARIO21921130RIO DE JANEIRO RJUNIAO UMB DOS CULTOS AFRO BRAS    22121710 000102
10231987175000168916200163100    00003850                     000038500000000000000109                     I023850      22121700000000350003410000017N171117104700000000000102212170000000000000000000000000000000000000000100050704281791JOSE CICERO ALVES DOS SANTOS            RUA PRESIDENTE CASTELO BRANCO, LOTE 3   TEIXEIRA - I23840240ITAGUAI        RJUNIAO UMB DOS CULTOS AFRO BRAS    22121710 000103
10231987175000168916200163100    00003849                     000038490000000000000109                     I023849      22121700000000350003410000017N171117104700000000000102212170000000000000000000000000000000000000000100011782583785JORGE MARCIO DOS SANTOS SOUZA           RUA PEDRO JOSE DE OLIVEIRA, 126 CASA 2  VARGEM GRAND27145232BARRA DO PIRAI RJUNIAO UMB DOS CULTOS AFRO BRAS    22121710 000104
10231987175000168916200163100    00003848                     000038480000000000000109                     I023848      22121700000000350003410000017N171117104700000000000102212170000000000000000000000000000000000000000200000000010260MARA LUCIA CANDIDO RAMOS                RUA NOSSA SENHORA DA PENHA, CASA 7 B    MANGUEIRAL -21755140RIO DE JANEIRO RJUNIAO UMB DOS CULTOS AFRO BRAS    22121710 000105
10231987175000168916200163100    00003847                     000038470000000000000109                     I023847      22121700000000350003410000017N171117104700000000000102212170000000000000000000000000000000000000000200000000010241LUIZ CLAUDIO TEIXEIRA ALUIZIO           RUA ALBERTO SOARES SAMPAIO, 430 FUNDOS  TAQUARA - JA22715300RIO DE JANEIRO RJUNIAO UMB DOS CULTOS AFRO BRAS    22121710 000106
10231987175000168916200163100    00003845                     000038450000000000000109                     I023845      22121700000000350003410000017N171117104700000000000102212170000000000000000000000000000000000000000100009856785774RAQUEL APARECIDA PEREIRA FLORE          RUA FRANCISACA ESTEVAO, 362             VALENCA - RI27600000RIO DE JANEIRO RJUNIAO UMB DOS CULTOS AFRO BRAS    22121710 000107
10231987175000168916200163100    00003843                     000038430000000000000109                     I023843      22121700000000350003410000017N171117104700000000000102212170000000000000000000000000000000000000000100003351716729WAGNER CONCEICAO DO NASCIMENTO          RUA CRISANTEMOS, 152 CASA 48 FRENTE - SAHITERLAND - 26171430BELFORD ROXO   RJUNIAO UMB DOS CULTOS AFRO BRAS    22121710 000108
10231987175000168916200163100    00003842                     000038420000000000000109                     I023842      22121700000000350003410000017N171117104700000000000102212170000000000000000000000000000000000000000100091126037753SHEILA DE CARVALHO ALVARES              RUA MAGALHAES CASTRO, 111 FUNDOS        RIACHUELO - 20961020RIO DE JANEIRO RJUNIAO UMB DOS CULTOS AFRO BRAS    22121710 000109
10231987175000168916200163100    00003841                     000038410000000000000109                     I023841      22121700000000350003410000017N171117104700000000000102212170000000000000000000000000000000000000000100069496161715JANICE DE CARVALHO                      RUA BRISA DO VALE, LOTE 23 QUADRA E     CURICICA - J22710530RIO DE JANEIRO RJUNIAO UMB DOS CULTOS AFRO BRAS    22121710 000110
10231987175000168916200163100    00003782                     000037820000000000000109                     I023782      22121700000000350003410000017N171117104700000000000102212170000000000000000000000000000000000000000100087868172720ADHEMAR ACHILLES AVILLA JUNIOR          RUA: PADRE GIL Nº 20                   PARQUE BONEV25907096RIO DE JANEIRO RJUNIAO UMB DOS CULTOS AFRO BRAS    22121710 000111
10231987175000168916200163100    00003776                     000037760000000000000109                     I023776      22121700000000350003410000017N171117104700000000000102212170000000000000000000000000000000000000000100085212091772ADAO DIAS FUNCHAL FILHO                 RUA WALTER FERREIRA, 1752 - SAO FRANCISCMAUA - MAGE 25900000MAGE           RJUNIAO UMB DOS CULTOS AFRO BRAS    22121710 000112
10231987175000168916200163100    00003693                     000036930000000000000109                     I023693      22121700000000350003410000017N171117104700000000000102212170000000000000000000000000000000000000000100009507261761RODRIGO FELIX DA SILVA                  RUA GENERAL PINTO AMANDO, 231 APTO 302  HONORIO GURG21511330RIO DE JANEIRO RJUNIAO UMB DOS CULTOS AFRO BRAS    22121710 000113
10231987175000168916200163100    00003625                     000036250000000000000109                     I023625      22121700000000350003410000017N171117104700000000000102212170000000000000000000000000000000000000000100078935806749MARIA DA CONCEICAO DOS SANTOS           RUA ESTRELA, 26                         VILA SAO MIG26088315NOVA IGUACU    RJUNIAO UMB DOS CULTOS AFRO BRAS    22121710 000114
10231987175000168916200163100    00003623                     000036230000000000000109                     I023623      22121700000000350003410000017N171117104700000000000102212170000000000000000000000000000000000000000100061523003715MARIA EMILIA RIBEIRO VIEIRA DO          RUA EIMA, 132                           IRAJA - RJ  21220370RIO DE JANEIRO RJUNIAO UMB DOS CULTOS AFRO BRAS    22121710 000115
10231987175000168916200163100    00003619                     000036190000000000000109                     I023619      22121700000000350003410000017N171117104700000000000102212170000000000000000000000000000000000000000100075750384772VERA LUCIA BORGES NAZARETH              RUA DA CAPITAL, 430                     MAUA - SAO F25930000MAGE           RJUNIAO UMB DOS CULTOS AFRO BRAS    22121710 000116
10231987175000168916200163100    00003618                     000036180000000000000109                     I023618      22121700000000350003410000017N171117104700000000000102212170000000000000000000000000000000000000000100010374535736ARNALDO SALES DE SOUZA                  RUA FRANCISCO PORTELA, LOTE 25 QUADRA 52JARDIM GRAMA25055210DUQUE DE CAXIASRJUNIAO UMB DOS CULTOS AFRO BRAS    22121710 000117
10231987175000168916200163100    00003617                     000036170000000000000109                     I023617      22121700000000350003410000017N171117104700000000000102212170000000000000000000000000000000000000000100064431002715SERGIO MURILO ALVES PEREIRA             RUA ROCHA, LOTE 4 QUADRA 4 CASA 2       JARDIM BONIF25565161SAO JOAO DE MERRJUNIAO UMB DOS CULTOS AFRO BRAS    22121710 000118
10231987175000168916200163100    00003614                     000036140000000000000109                     I023614      22121700000000350003410000017N171117104700000000000102212170000000000000000000000000000000000000000100052329160363NENI GOMES DE ALMEIDA                   RUA MARIA SANTANA FERNANDES, LOTE 8 QUADJARDIM ACACI23845250SEROPEDICA     RJUNIAO UMB DOS CULTOS AFRO BRAS    22121710 000119
10231987175000168916200163100    00003613                     000036130000000000000109                     I023613      22121700000000350003410000017N171117104700000000000102212170000000000000000000000000000000000000000100004471243748MARIA IEDA DE ALMEIDA DA SILVA          PRACA JOAO CAETANO, 23 LOTE 23 QUADRA 4 LAUREANO - D25065240DUQUE DE CAXIASRJUNIAO UMB DOS CULTOS AFRO BRAS    22121710 000120
10231987175000168916200163100    00003612                     000036120000000000000109                     I023612      22121700000000350003410000017N171117104700000000000102212170000000000000000000000000000000000000000100054590604787VANDA PAIVA                             RUA LUIZ JACINTO, LOTE 3                EDEN - SAO J25535161SAO JOAO DE MERRJUNIAO UMB DOS CULTOS AFRO BRAS    22121710 000121
10231987175000168916200163100    00003608                     000036080000000000000109                     I023608      22121700000000350003410000017N171117104700000000000102212170000000000000000000000000000000000000000200000000004628RAQUEL RODRIGUES SOBRAL DANTAS          RUA CAPITAO COUTO MENEZES, 110          MADUREIRA - 21310200RIO DE JANEIRO RJUNIAO UMB DOS CULTOS AFRO BRAS    22121710 000122
10231987175000168916200163100    00003607                     000036070000000000000109                     I023607      22121700000000350003410000017N171117104700000000000102212170000000000000000000000000000000000000000100003737351708TANIA PAULA DOS SANTOS                  RUA PREFEITO JOAO CARLOS VITAL, 80      SEPETIBA - R23540041RIO DE JANEIRO RJUNIAO UMB DOS CULTOS AFRO BRAS    22121710 000123
10231987175000168916200163100    00003606                     000036060000000000000109                     I023606      22121700000000350003410000017N171117104700000000000102212170000000000000000000000000000000000000000100001057873705ADEMIR ANDRADE CUNHA                    RUA PACHECO DA ROCHA N 636              BENTO RIBEIR21555092RIO DE JANEIRO RJUNIAO UMB DOS CULTOS AFRO BRAS    22121710 000124
10231987175000168916200163100    00003605                     000036050000000000000109                     I023605      22121700000000350003410000017N171117104700000000000102212170000000000000000000000000000000000000000100011208480758MARIA ANTONIA KIFFER CORREA             AVENIDA MARECHAL HERMES, 1060           VILA SAO LUI25065115DUQUE DE CAXIASRJUNIAO UMB DOS CULTOS AFRO BRAS    22121710 000125
10231987175000168916200163100    00003603                     000036030000000000000109                     I023603      22121700000000350003410000017N171117104700000000000102212170000000000000000000000000000000000000000100079991297715JANETE DOS REIS VIANA                   AVENIDA LEANDRO DA MOTA, 357            DR. LAUREANO25064175DUQUE DE CAXIASRJUNIAO UMB DOS CULTOS AFRO BRAS    22121710 000126
10231987175000168916200163100    00003600                     000036000000000000000109                     I023600      22121700000000350003410000017N171117104700000000000102212170000000000000000000000000000000000000000100002912019702JONER BORGES BARCELOS                   RUA OITO, QUADRA 30 LOTE 8              NOVA CAMPINA25000000DUQUE DE CAXIASRJUNIAO UMB DOS CULTOS AFRO BRAS    22121710 000127
10231987175000168916200163100    00003598                     000035980000000000000109                     I023598      22121700000000350003410000017N171117104700000000000102212170000000000000000000000000000000000000000100001637090765DEBORA VENTURA CESAR                    RUA DOS CONGREGADOS, 105 CASA 2         HELIOPOLIS  26123020RIO DE JANEIRO RJUNIAO UMB DOS CULTOS AFRO BRAS    22121710 000128
10231987175000168916200163100    00003597                     000035970000000000000109                     I023597      22121700000000350003410000017N171117104700000000000102212170000000000000000000000000000000000000000100099004640797FANIR RIBEIRO ANTUNES                   RUA TOME DE SOUZA, 289 CASA 5           DR. LAUREANO25050680DUQUE DE CAXIASRJUNIAO UMB DOS CULTOS AFRO BRAS    22121710 000129
10231987175000168916200163100    00003595                     000035950000000000000109                     I023595      22121700000000350003410000017N171117104700000000000102212170000000000000000000000000000000000000000100058446559749CELIA ISRAEL DE OLIVEIRA                RUA CARAVELAS, LOTE 42 QUADRA 77        DR. LAUREANO25051230DUQUE DE CAXIASRJUNIAO UMB DOS CULTOS AFRO BRAS    22121710 000130
10231987175000168916200163100    00003591                     000035910000000000000109                     I023591      22121700000000350003410000017N171117104700000000000102212170000000000000000000000000000000000000000100001783778806MARIA LUIZA FERREIRA GODINHO C          ESTRADA DO BOIUNA, 2620                 TAQUARA - JA22723018RIO DE JANEIRO RJUNIAO UMB DOS CULTOS AFRO BRAS    22121710 000131
10231987175000168916200163100    00003589                     000035890000000000000109                     I023589      22121700000000350003410000017N171117104700000000000102212170000000000000000000000000000000000000000100010058913700RAMON DO NASCIMENTO MANES               RUA LIGIA, 329                          OLARIA - RJ 21073280RIO DE JANEIRO RJUNIAO UMB DOS CULTOS AFRO BRAS    22121710 000132
10231987175000168916200163100    00003587                     000035870000000000000109                     I023587      22121700000000350003410000017N171117104700000000000102212170000000000000000000000000000000000000000100058001441768VALERIA CHAVES CONSTANTINO              RUA FIDELIS PASCHOAL, 13                SAO BENTO - 25045020DUQUE DE CAXIASRJUNIAO UMB DOS CULTOS AFRO BRAS    22121710 000133
10231987175000168916200163100    00003585                     000035850000000000000109                     I023585      22121700000000350003410000017N171117104700000000000102212170000000000000000000000000000000000000000100007474273721CLARINDO DE MEDEIROS                    RUA SAO MARCOS, 145A                    VILAR DOS TE25561220SAO JOAO DE MERRJUNIAO UMB DOS CULTOS AFRO BRAS    22121710 000134
10231987175000168916200163100    00003584                     000035840000000000000109                     I023584      22121700000000350003410000017N171117104700000000000102212170000000000000000000000000000000000000000200000000003735ANDRE LUIS DINIS CARDOSO                RUA CORDOVIL, 669 LOTE 2                PARADA DE LU21250450RIO DE JANEIRO RJUNIAO UMB DOS CULTOS AFRO BRAS    22121710 000135
10231987175000168916200163100    00003465                     000034650000000000000109                     I023465      22121700000000350003410000017N171117104700000000000102212170000000000000000000000000000000000000000200000000001656ZUILA DE MELO E SILVA COVA              RUA TAMOIOS, 71 APTO 201                SAO FRANCISC24360380NITEROI        RJUNIAO UMB DOS CULTOS AFRO BRAS    22121710 000136
10231987175000168916200163100    00003412                     000034120000000000000109                     I023412      22121700000000350003410000017N171117104700000000000102212170000000000000000000000000000000000000000100014708764774ADILSON CARNEIRO PINTO                  R JUREMA 49                             GUARATIBA   23035380RIO DE JANEIRO RJUNIAO UMB DOS CULTOS AFRO BRAS    22121710 000137
10231987175000168916200163100    00003396                     000033960000000000000109                     I023396      22121700000000350003410000017N171117104700000000000102212170000000000000000000000000000000000000000100056864680797SONIA MARIA DA SILVA                    RUA A, 11 - LOTEAMENTO SANTA MARIA      CAMBOTA - VA27600000VALENCIA       RJUNIAO UMB DOS CULTOS AFRO BRAS    22121710 000138
10231987175000168916200163100    00003368                     000033680000000000000109                     I023368      22121700000000350003410000017N171117104700000000000102212170000000000000000000000000000000000000000200000000002241MARIA CANDIDA BRANDAO ALVES             RUA MARLICE EMANUEL, 155                JARDIM ALVOR26265230NOVA IGUACU    RJUNIAO UMB DOS CULTOS AFRO BRAS    22121710 000139
10231987175000168916200163100    00003367                     000033670000000000000109                     I023367      22121700000000350003410000017N171117104700000000000102212170000000000000000000000000000000000000000100031471811700GLORIA CORREIA                          RUA SA FERREIRA  120 APTO  1003         COPACABANA  22071100RIO DE JANEIRO RJUNIAO UMB DOS CULTOS AFRO BRAS    22121710 000140
10231987175000168916200163100    00003366                     000033660000000000000109                     I023366      22121700000000350003410000017N171117104700000000000102212170000000000000000000000000000000000000000200000000002221CRISTIANO LIMA DOS SANTOS               RUA SEBASTIAO GOUVEIA, QUADRA 9 LOTE 39 SAO FRANCISC26353010NOVA IGUACU    RJUNIAO UMB DOS CULTOS AFRO BRAS    22121710 000141
10231987175000168916200163100    00003365                     000033650000000000000109                     I023365      22121700000000350003410000017N171117104700000000000102212170000000000000000000000000000000000000000100000237914387JOSE EDILSON RABELO CAULA               RUA DOS INVALIDOS, 138 BL 2 APTO 908    LAPA - RJ   20231046RIO DE JANEIRO RJUNIAO UMB DOS CULTOS AFRO BRAS    22121710 000142
10231987175000168916200163100    00003363                     000033630000000000000109                     I023363      22121700000000350003410000017N171117104700000000000102212170000000000000000000000000000000000000000100075741660720JOSE ENEDINO DA COSTA                   ESTRADA DA PEDRA, 4977                  GUARATIBA - 23030380RIO DE JANEIRO RJUNIAO UMB DOS CULTOS AFRO BRAS    22121710 000143
10231987175000168916200163100    00003362                     000033620000000000000109                     I023362      22121700000000350003410000017N171117104700000000000102212170000000000000000000000000000000000000000200000000002163NEUSA DA SILVA RODRIGUES                RUA DOM RAFAEL, 5 - PACIENCIA           29 DE MARCO 23060370RIO DE JANEIRO RJUNIAO UMB DOS CULTOS AFRO BRAS    22121710 000144
10231987175000168916200163100    00003360                     000033600000000000000109                     I023360      22121700000000350003410000017N171117104700000000000102212170000000000000000000000000000000000000000100000000006922MARIA DA PENHA NOVAIS SCHISSLE          O MESMO                                 O MESMO     25635340PETROPOLIS     RJUNIAO UMB DOS CULTOS AFRO BRAS    22121710 000145
10231987175000168916200163100    00003358                     000033580000000000000109                     I023358      22121700000000350003410000017N171117104700000000000102212170000000000000000000000000000000000000000100000000006903ISAIAS BATISTA DUARTE FILHO             O MESMO                                 O MESMO     26167580BELFORD ROXO   RJUNIAO UMB DOS CULTOS AFRO BRAS    22121710 000146
10231987175000168916200163100    00003357                     000033570000000000000109                     I023357      22121700000000350003410000017N171117104700000000000102212170000000000000000000000000000000000000000100000000006883MARIVAN RAMOS DA ROCHA                  O MESMO                                 O MESMO     25065210DUQUE DE CAXIASRJUNIAO UMB DOS CULTOS AFRO BRAS    22121710 000147
10231987175000168916200163100    00003356                     000033560000000000000109                     I023356      22121700000000350003410000017N171117104700000000000102212170000000000000000000000000000000000000000100000000006881ANA ROSA CLEMENTE ANCHIETA              O MESMO                                 O MESMO     26297054NOVA IGUACU    RJUNIAO UMB DOS CULTOS AFRO BRAS    22121710 000148
10231987175000168916200163100    00003352                     000033520000000000000109                     I023352      22121700000000350003410000017N171117104700000000000102212170000000000000000000000000000000000000000100008839877754DEISE CORREIA ALVES SILVA               PRACA FLAMENGO N 17                     SANTA TEREZA25086090DUQUE DE CAXIASRJUNIAO UMB DOS CULTOS AFRO BRAS    22121710 000149
10231987175000168916200163100    00003351                     000033510000000000000109                     I023351      22121700000000350003410000017N171117104700000000000102212170000000000000000000000000000000000000000100003026317713RITA DE CASSIA VIEIRA SIMOES F          RUA CABO SAULO DE VASCONCELOS N 120 LOTEJARDIM PALMA23510001PACIENCIA      RJUNIAO UMB DOS CULTOS AFRO BRAS    22121710 000150
10231987175000168916200163100    00003350                     000033500000000000000109                     I023350      22121700000000350003410000017N171117104700000000000102212170000000000000000000000000000000000000000200000000006837ELIZABETH RODRIGUES DE MATTOS           O MESMO                                 O MESMO     26263290NOVA IGUACU    RJUNIAO UMB DOS CULTOS AFRO BRAS    22121710 000151
10231987175000168916200163100    00003348                     000033480000000000000109                     I023348      22121700000000350003410000017N171117104700000000000102212170000000000000000000000000000000000000000200000000006821MANOELINA DE PAULA SILVA                O MESMO                                 O MESMO     25811080TRES RIOS      RJUNIAO UMB DOS CULTOS AFRO BRAS    22121710 000152
10231987175000168916200163100    00003347                     000033470000000000000109                     I023347      22121700000000350003410000017N171117104700000000000102212170000000000000000000000000000000000000000100015506576749ELMANO HENRIQUE DAS NEVES               PRACA MARECHAL CARMONA N°2 LJ12 CENTRO O MESMO     25720062PETROPOLIS     RJUNIAO UMB DOS CULTOS AFRO BRAS    22121710 000153
10231987175000168916200163100    00003346                     000033460000000000000109                     I023346      22121700000000350003410000017N171117104700000000000102212170000000000000000000000000000000000000000100001045146714ELIANE RIBEIRO MACEDO                   O MESMO                                 O MESMO     21725320RIO DE JANEIRO RJUNIAO UMB DOS CULTOS AFRO BRAS    22121710 000154
10231987175000168916200163100    00003344                     000033440000000000000109                     I023344      22121700000000350003410000017N171117104700000000000102212170000000000000000000000000000000000000000200000000006705ELIANE PIRES SOUZA                      RUA IBITINGA LT 9 QD 3 - PRQ S BERNARDO O MESMO     26167160BELFORD ROXO   RJUNIAO UMB DOS CULTOS AFRO BRAS    22121710 000155
10231987175000168916200163100    00003343                     000033430000000000000109                     I023343      22121700000000350003410000017N171117104700000000000102212170000000000000000000000000000000000000000100058739920704ELISABETH DE OLIVEIRA LOUREDO           EST: COMANDANTE LUIZ SOUTO Nº 509 C/ 4DTANQUE - JAC22733040RIO DE JANEIRO RJUNIAO UMB DOS CULTOS AFRO BRAS    22121710 000156
10231987175000168916200163100    00003342                     000033420000000000000109                     I023342      22121700000000350003410000017N171117104700000000000102212170000000000000000000000000000000000000000200000000006667HILDETE SACRAMENTO BISPO                O MESMO                                 O MESMO     23060070RIO DE JANEIRO RJUNIAO UMB DOS CULTOS AFRO BRAS    22121710 000157
10231987175000168916200163100    00003340                     000033400000000000000109                     I023340      22121700000000350003410000017N171117104700000000000102212170000000000000000000000000000000000000000100070672997720MARTA CAVALCANTE TEIXEIRA               O MESMO                                 O MESMO     22763011RIO DE JANEIRO RJUNIAO UMB DOS CULTOS AFRO BRAS    22121710 000158
10231987175000168916200163100    00003339                     000033390000000000000109                     I023339      22121700000000350003410000017N171117104700000000000102212170000000000000000000000000000000000000000100000000006622GERMIRA DE SOUZA GALDINO                R. DONA ZULMIRA B Nº 132 PRQ BELA VISTAO MESMO     23860000MANGARATIBA    RJUNIAO UMB DOS CULTOS AFRO BRAS    22121710 000159
10231987175000168916200163100    00003336                     000033360000000000000109                     I023336      22121700000000350003410000017N171117104700000000000102212170000000000000000000000000000000000000000200000000006600JULIA MARIA DA CONCEICAO                O MESMO                                 O MESMO     23823290ITAGUAI        RJUNIAO UMB DOS CULTOS AFRO BRAS    22121710 000160
10231987175000168916200163100    00003335                     000033350000000000000109                     I023335      22121700000000350003410000017N171117104700000000000102212170000000000000000000000000000000000000000200000000006597ROSA MARIA PINHEIRO                     O MESMO                                 O MESMO     23826230ITAGUAI        RJUNIAO UMB DOS CULTOS AFRO BRAS    22121710 000161
10231987175000168916200163100    00003334                     000033340000000000000109                     I023334      22121700000000350003410000017N171117104700000000000102212170000000000000000000000000000000000000000100098806181734PAULO ROMULO ALVES DE SOUZA             O MESMO                                 O MESMO     26021560NOVA IGUACU    RJUNIAO UMB DOS CULTOS AFRO BRAS    22121710 000162
10231987175000168916200163100    00003333                     000033330000000000000109                     I023333      22121700000000350003410000017N171117104700000000000102212170000000000000000000000000000000000000000200000000006579LUIZ CLAUDIO BATISTA REIS               O MESMO                                 O MESMO     24315384NITEROI        RJUNIAO UMB DOS CULTOS AFRO BRAS    22121710 000163
10231987175000168916200163100    00003332                     000033320000000000000109                     I023332      22121700000000350003410000017N171117104700000000000102212170000000000000000000000000000000000000000200000000006577MARIA DARLI BARBOSA                     O MESMO                                 O MESMO     23830000ITAGUAI        RJUNIAO UMB DOS CULTOS AFRO BRAS    22121710 000164
10231987175000168916200163100    00003331                     000033310000000000000109                     I023331      22121700000000350003410000017N171117104700000000000102212170000000000000000000000000000000000000000100083326952791JOSELITA BATISTA DE OLIVEIRA            O MESMO                                 O MESMO     23830000ITAGUAI        RJUNIAO UMB DOS CULTOS AFRO BRAS    22121710 000165
10231987175000168916200163100    00003330                     000033300000000000000109                     I023330      22121700000000350003410000017N171117104700000000000102212170000000000000000000000000000000000000000100044451318734NILZA MUNIZ FIRMINO                     RUA: PEDRO AMERICO                      COLUBANDE - 24450480SAO GONCALO    RJUNIAO UMB DOS CULTOS AFRO BRAS    22121710 000166
10231987175000168916200163100    00003328                     000033280000000000000109                     I023328      22121700000000350003410000017N171117104700000000000102212170000000000000000000000000000000000000000100026734664791ROGERIO FARIA BRIGIDO                   RUA: AMILCAR MOURAO Nº 26 - BRISA MAR  BRISAMAR    23826430ITAGUAI        RJUNIAO UMB DOS CULTOS AFRO BRAS    22121710 000167
10231987175000168916200163100    00002205                     000022050000000000000109                     I342205      31121700000000035003410000017N131117104700000000000103112170000000000000000000000000000000000000000100009507261761RODRIGO FELIX DA SILVA                  RUA GENERAL PINTO AMANDO, 231 APTO 302  HONORIO GURG21511330RIO DE JANEIRO RJUNIAO UMB DOS CULTOS AFRO BRAS    31121710 000168
9                                                                                                                                                                                                                                                                                                                                                                                                         000169
