01REMESSA01COBRANCA       817800093673        União Umb dos Cultos Afro Bra341BANCO ITAU SA  190219                                                                                                                                                                                                                                                                                                      000001
10231987175000168817800093673    000039766                    000397660000000000000109                     I0239766     20021900000000035003410000017N080219104700000000000102002190000000000000000000000000000000000000000100092952364753ROSANGELA SILVA SOUZA                   RUA: TAMOIOS N 144, FUNDOS              CENTRO      26520250NILOPOLIS      RJUNIAO UMB DOS CULTOS AFRO BRAS    20021910 000002
10231987175000168817800093673    000039765                    000397650000000000000109                     I0239765     20021900000000035003410000017N080219104700000000000102002190000000000000000000000000000000000000000100092952364753ROSANGELA SILVA SOUZA                   RUA: TAMOIOS N 144, FUNDOS              CENTRO      26520250NILOPOLIS      RJUNIAO UMB DOS CULTOS AFRO BRAS    20021910 000003
10231987175000168817800093673    000039764                    000397640000000000000109                     I0239764     20021900000000040003410000017N080219104700000000000102002190000000000000000000000000000000000000000100092952364753ROSANGELA SILVA SOUZA                   RUA: TAMOIOS N 144, FUNDOS              CENTRO      26520250NILOPOLIS      RJUNIAO UMB DOS CULTOS AFRO BRAS    20021910 000004
10231987175000168817800093673    000039628                    000396280000000000000109                     I0239628     24011900000000070003410000017N210119104700000000000102401190000000000000000000000000000000000000000100009142845769MICHELE OAZEM MINEIRO                   RUA CARIOCAN 0, LOTE 10 QUADRA B        SAO BERNARDO26167210BELFORD ROXO   RJUNIAO UMB DOS CULTOS AFRO BRAS    24011910 000005
10231987175000168817800093673    000039612                    000396120000000000000109                     I0239612     24011900000000350003410000017N180119104700000000000102401190000000000000000000000000000000000000000100000695677720MARIA DE LOURDES SILVA                  RUA: ROCHA LIMAN 0, LOTE 6 QUADRA 27    SANTA RITA  26050540NOVA IGUACU    RJUNIAO UMB DOS CULTOS AFRO BRAS    24011910 000006
10231987175000168817800093673    000039563                    000395630000000000000109                     I0239563     18011900000000105003410000017N140119104700000000000101801190000000000000000000000000000000000000000100075745658720ELIZIETE COIMBRA DE FRANCA              RUA SAO LOURENCON 99,                   SANTA RITA  26050630NOVA IGUACU    RJUNIAO UMB DOS CULTOS AFRO BRAS    18011910 000007
10231987175000168817800093673    000039561                    000395610000000000000109                     I0239561     25011900000000600003410000017N140119104700000000000102501190000000000000000000000000000000000000000100080275664287RENATO RODRIGO SILVA BENTES             RUA JOAO TOCANTINS PENAN 110,           MARACAJA (MO66911040BELEM          PAUNIAO UMB DOS CULTOS AFRO BRAS    25011910 000008
10231987175000168817800093673    000039559                    000395590000000000000109                     I0239559     18011900000000140003410000017N140119104700000000000101801190000000000000000000000000000000000000000100003250570796VERONICA LUCIA DA CRUZ                  ESTRADA: DOUTOR FARRULAN 0, LOTE 8 QUADRSAO FRANCISC26125400BELFORD ROXO   RJUNIAO UMB DOS CULTOS AFRO BRAS    18011910 000009
10231987175000168817800093673    000039552                    000395520000000000000109                     I0239552     18011900000000350003410000017N110119104700000000000101801190000000000000000000000000000000000000000100081891423720MAURO DINIZ                             RUA BERNARDO DE VASCONCELOSN 0, LT 10 QDJARDIM ATLAN24934525MARICA         RJUNIAO UMB DOS CULTOS AFRO BRAS    18011910 000010
10231987175000168817800093673    000039539                    000395390000000000000109                     I0239539     18011900000000210003410000017N100119104700000000000101801190000000000000000000000000000000000000000100003351761783CLAUDIA LUZIA PEREIRA                   RUA HOMERO SOBRINHO N 0, LOTE 12 QUADRA JARDIM NOVA 26187495BELFORD ROXO   RJUNIAO UMB DOS CULTOS AFRO BRAS    18011910 000011
10231987175000168817800093673    000039528                    000395280000000000000109                     I0239528     18011900000000350003410000017N100119104700000000000101801190000000000000000000000000000000000000000100001789073758BERNADETE BURGOS AMORIM RANGEL          RUA IMBUI N 120,  LARGO DO TANQUE       TAQUARA     22730100RIO DE JANEIRO RJUNIAO UMB DOS CULTOS AFRO BRAS    18011910 000012
10231987175000168817800093673    000039523                    000395230000000000000109                     I0239523     18011900000000350003410000017N090119104700000000000101801190000000000000000000000000000000000000000100079558763772HUGO XAVIER                             AVENIDA: PRESIDENTE VARGASN 2007, APTº CENTRO      20210030RIO DE JANEIRO RJUNIAO UMB DOS CULTOS AFRO BRAS    18011910 000013
10231987175000168817800093673    000039522                    000395220000000000000109                     I0239522     18011900000000315003410000017N090119104700000000000101801190000000000000000000000000000000000000000100079558763772HUGO XAVIER                             AVENIDA: PRESIDENTE VARGASN 2007, APTº CENTRO      20210030RIO DE JANEIRO RJUNIAO UMB DOS CULTOS AFRO BRAS    18011910 000014
10231987175000168817800093673    000039520                    000395200000000000000109                     I0239520     30011900000000350003410000017N090119104700000000000103001190000000000000000000000000000000000000000100007403387732MARCOS MAURICIO DOS SANTOS COS          RUA: BOA VISTAN 299,                    CARAMUJO    24140460NITEROI        RJUNIAO UMB DOS CULTOS AFRO BRAS    30011910 000015
10231987175000168817800093673    000039476                    000394760000000000000109                     I0239476     08011900000000070003410000017N030119104700000000000100801190000000000000000000000000000000000000000100002295785782ELVIRA RODRIGUES DE MELLO               RUA ARAGUARIN 182, COMPLEMENTO 183      VILI SAO SEB26160250BELFORD ROXO   RJUNIAO UMB DOS CULTOS AFRO BRAS    08011910 000016
10231987175000168817800093673    000039386                    000393860000000000000109                     I0239386     31121800000000040003410000017N271218104700000000000103112180000000000000000000000000000000000000000100001974559726ELIZABETH BRITO DE JESUS                RUA CINCO  N 19,                        VILA KOSMOS 21210000RIO DE JANEIRO RJUNIAO UMB DOS CULTOS AFRO BRAS    31121810 000017
10231987175000168817800093673    000038661                    000386610000000000000109                     I0238661     30031900000000040003410000017N261218104700000000000103003190000000000000000000000000000000000000000100092952364753ROSANGELA SILVA SOUZA                   RUA: TAMOIOS N 144, FUNDOS              CENTRO      26520250NILOPOLIS      RJUNIAO UMB DOS CULTOS AFRO BRAS    30031910 000018
10231987175000168817800093673    000035339                    000353390000000000000109                     I0235339     31011900000000040003410000017N261218104700000000000103101190000000000000000000000000000000000000000100006915594736CINTIA FERREIRA                         AVENIDA DAS AMERICASN 4319, BLOCO F 3 APBARRA DA TIJ22631004RIO DE JANEIRO RJUNIAO UMB DOS CULTOS AFRO BRAS    31011910 000019
10231987175000168817800093673    000035336                    000353360000000000000109                     I0235336     31011900000000040003410000017N261218104700000000000103101190000000000000000000000000000000000000000100003357548720APARECIDA DOS SANTOS                    RUA LAOSN 0, LOTE 7 QUADRA 11           VILA HELIOPO26125170BELFORD ROXO   RJUNIAO UMB DOS CULTOS AFRO BRAS    31011910 000020
10231987175000168817800093673    000035335                    000353350000000000000109                     I0235335     31011900000000040003410000017N261218104700000000000103101190000000000000000000000000000000000000000100009409455766DANIELE MARTINS MEDEIROS DE FR          RUA ROMANCISTA LUCIO CARDOSON 272,      IBICUI      23860000MANGARATIBA    RJUNIAO UMB DOS CULTOS AFRO BRAS    31011910 000021
10231987175000168817800093673    000035334                    000353340000000000000109                     I0235334     31011900000000040003410000017N261218104700000000000103101190000000000000000000000000000000000000000100000640795706CELIA REGINA ALVES DE SOUZA CO          ESTRADA SAO PEDRON 1161, CASA 30        VISTA ALEGRE24725240SAO GONCALO    RJUNIAO UMB DOS CULTOS AFRO BRAS    31011910 000022
10231987175000168817800093673    000035332                    000353320000000000000109                     I0235332     31011900000000040003410000017N261218104700000000000103101190000000000000000000000000000000000000000100023970090563MARCIA VIEIRA SALES                     RUA LOPO SARAIVAN 214,                  TANQUE - JAC22740220RIO DE JANEIRO RJUNIAO UMB DOS CULTOS AFRO BRAS    31011910 000023
10231987175000168817800093673    000035079                    000350790000000000000109                     I0235079     31011900000000040003410000017N261218104700000000000103101190000000000000000000000000000000000000000100000028136705SHEILA DOS REIS VIEIRA                  RUA DINIZ BARRETON 172,                 MADUREIRA   21341250RIO DE JANEIRO RJUNIAO UMB DOS CULTOS AFRO BRAS    31011910 000024
10231987175000168817800093673    000035077                    000350770000000000000109                     I0235077     31011900000000040003410000017N261218104700000000000103101190000000000000000000000000000000000000000100001383163766RENATA DOMINGUES COSTA LIMA JA          RUA CALIFAN 7,                          LAGOINHA    26298012NOVA IGUACU    RJUNIAO UMB DOS CULTOS AFRO BRAS    31011910 000025
10231987175000168817800093673    000035075                    000350750000000000000109                     I0235075     31011900000000040003410000017N261218104700000000000103101190000000000000000000000000000000000000000100014326136774CAIO CESAR LIMA DA CRUZ                 RUA QUINTINO BOCAIUVAN 349,             NOVA CIDADE 26535130NILOPOLIS      RJUNIAO UMB DOS CULTOS AFRO BRAS    31011910 000026
10231987175000168817800093673    000035073                    000350730000000000000109                     I0235073     31011900000000040003410000017N261218104700000000000103101190000000000000000000000000000000000000000100000556390709ANNA MENDONCA BORGES                    RUA IN 1089, LOTEAMENTO SAO SEBASTIAO   FRAGOSO     25935486MAGE           RJUNIAO UMB DOS CULTOS AFRO BRAS    31011910 000027
10231987175000168817800093673    000035072                    000350720000000000000109                     I0235072     31011900000000040003410000017N261218104700000000000103101190000000000000000000000000000000000000000100003350774717ROGERIO SILVA DE SOUZA                  RUA TACARATUN 118,                      ROCHA MIRAND21555010RIO DE JANEIRO RJUNIAO UMB DOS CULTOS AFRO BRAS    31011910 000028
10231987175000168817800093673    000034827                    000348270000000000000109                     I0234827     31011900000000040003410000017N261218104700000000000103101190000000000000000000000000000000000000000100096329610720ELVIRA FLAUZINA CELSO                   RUA: DA CONCEICAON 112,                 SANTA ROSA -27155000BARRA DO PIRAI RJUNIAO UMB DOS CULTOS AFRO BRAS    31011910 000029
10231987175000168817800093673    000034824                    000348240000000000000109                     I0234824     31011900000000040003410000017N261218104700000000000103101190000000000000000000000000000000000000000100086094750772IARA MUNIZ DA SILVA BORGES              RUA: FLAMBOYANT N 3,                    VARGEM PEQUE22783117RIO DE JANEIRO RJUNIAO UMB DOS CULTOS AFRO BRAS    31011910 000030
10231987175000168817800093673    000034823                    000348230000000000000109                     I0234823     31011900000000040003410000017N261218104700000000000103101190000000000000000000000000000000000000000100082272964753ALBANO TEIXEIRA NOVAES FILHO            RUA: NASCENTEN 88,                      JARDIM ALVOR26265550NOVA IGUACU    RJUNIAO UMB DOS CULTOS AFRO BRAS    31011910 000031
9                                                                                                                                                                                                                                                                                                                                                                                                         000032
