01REMESSA01COBRANCA       817800093673        União Umb dos Cultos Afro Bra341BANCO ITAU SA  190418                                                                                                                                                                                                                                                                                                      000001
10231987175000168817800093673    000014427                    000144270000000000000109                     I0114427     30051800000000035003410000017N190418104700000000000103005180000000000000000000000000000000000000000100060223170704MARIA DO CARMO DO NASCIMENTO S          RUA JOAO ADIL DE OLIVEIRA               IRAJA       21230175RIO DE JANEIRO RJUNIAO UMB DOS CULTOS AFRO BRAS    30051810 000002
10231987175000168817800093673    000014426                    000144260000000000000109                     I0114426     30051800000000040003410000017N190418104700000000000103005180000000000000000000000000000000000000000100008722484701ANA PAULA SILVA DA CRUZ                 RUA ELVIRA DA FONSECA                   LARGO DO TAN22733150RIO DE JANEIRO RJUNIAO UMB DOS CULTOS AFRO BRAS    30051810 000003
10231987175000168817800093673    000014425                    000144250000000000000109                     I0114425     30041800000000350003410000017N180418104700000000000103004180000000000000000000000000000000000000000100054581184720MARIA LUIZA DE SOUZA                    RUA JASMIM, 4                           POSSE - NOVA26021720NOVA IGUACU    RJUNIAO UMB DOS CULTOS AFRO BRAS    30041810 000004
10231987175000168817800093673    000014424                    000144240000000000000109                     I0114424     23041800000000035003410000017N180418104700000000000102304180000000000000000000000000000000000000000100009036923760ERIKA BARBOSA DOS SANTOS                AVENIDA ERNANI CARDOSO, 53 FUNDOS CASA 1CASCADURA - 21310310RIO DE JANEIRO RJUNIAO UMB DOS CULTOS AFRO BRAS    23041810 000005
10231987175000168817800093673    000014423                    000144230000000000000109                     I0114423     30051800000000040003410000017N180418104700000000000103005180000000000000000000000000000000000000000100064506770749TERESINHA MARIA PEREIRA NOGUEI          RUA CAMELIA DOS SANTOS MENDES COUTO     CORTA VENTO 25963430TERESOPOLIS    RJUNIAO UMB DOS CULTOS AFRO BRAS    30051810 000006
10231987175000168817800093673    000014422                    000144220000000000000109                     I0114422     30051800000000040003410000017N180418104700000000000103005180000000000000000000000000000000000000000100075333112720FATIMA CRISTINA MARQUES DE ALM          RUA MANOEL CARREIRO DE MELLO            SAO PEDRO   25956080TERESOPOLIS    RJUNIAO UMB DOS CULTOS AFRO BRAS    30051810 000007
10231987175000168817800093673    000014421                    000144210000000000000109                     I0114421     30051800000000040003410000017N180418104700000000000103005180000000000000000000000000000000000000000100028095391700SERGIO GARCIA DE QUEIROZ                RUA MATO GROSSO                         SANTA CECILI25957250TERESOPOLIS    RJUNIAO UMB DOS CULTOS AFRO BRAS    30051810 000008
10231987175000168817800093673    000014420                    000144200000000000000109                     I0114420     30041800000000105003410000017N180418104700000000000103004180000000000000000000000000000000000000000100069833850715WALTER LIMA DE AVELLAR                  RUA SAO JOSE, S/N QUADRA 47 LOTE 19     ITAIPUACU - 24900000MARICA         RJUNIAO UMB DOS CULTOS AFRO BRAS    30041810 000009
10231987175000168817800093673    000014393                    000143930000000000000109                     I0214393     20041800000000210003410000017N120418104700000000000102004180000000000000000000000000000000000000000100024721975864LIDIANE FERNANDA BON SCHIAVI S          RUA LUIZ CAMERANO                       BELVEDERE DA27113260BARRA DO PIRAI RJUNIAO UMB DOS CULTOS AFRO BRAS    20041810 000010
10231987175000168817800093673    000014344                    000143440000000000000109                     I3414344     09041800000000210003410000017N060418104700000000000100904180000000000000000000000000000000000000000100095294236753ROSANE MOREIRA DE LIMA                  RUA IRIGUATI Nº 63                     OLARIA      21073320RIO DE JANEIRO RJUNIAO UMB DOS CULTOS AFRO BRAS    09041810 000011
10231987175000168817800093673    000014343                    000143430000000000000109                     I0214343     30041800000000350003410000017N060418104700000000000103004180000000000000000000000000000000000000000100001192135750CREUZA MARIA DA CONCEICAO               RUA BENEDITO LACERDA N 320              VILA CORCUND23071340CAMPO GRANDE   RJUNIAO UMB DOS CULTOS AFRO BRAS    30041810 000012
10231987175000168817800093673    000013847                    000138470000000000000109                     I0213847     30051800000000035003410000017N200218104700000000000103005180000000000000000000000000000000000000000100060210389753ROZANA DOS SANTOS                       RUA MARANHAO N 1057 RUA B CASA 73       MEIER - RIO 23060720RIO DE JANEIRO RJUNIAO UMB DOS CULTOS AFRO BRAS    30051810 000013
10231987175000168817800093673    000013785                    000137850000000000000109                     I0213785     30051800000000035003410000017N200218104700000000000103005180000000000000000000000000000000000000000100025814712149JAIR FERREIRA FILHO                     RUA ENGENHEIRO PINHO DE MAGALHAES N 70  VILA DA PENH21220410RIO DE JANEIRO RJUNIAO UMB DOS CULTOS AFRO BRAS    30051810 000014
10231987175000168817800093673    000012702                    000127020000000000000109                     I0212702     30051800000000035003410000017N200218104700000000000103005180000000000000000000000000000000000000000100001192135750CREUZA MARIA DA CONCEICAO               RUA BENEDITO LACERDA N 320              VILA CORCUND23071340CAMPO GRANDE   RJUNIAO UMB DOS CULTOS AFRO BRAS    30051810 000015
10231987175000168817800093673    000012383                    000123830000000000000109                     I0212383     30051800000000035003410000017N200218104700000000000103005180000000000000000000000000000000000000000100081473885787CELIA DA SILVA ALEXANDRE                AVENIDA MARECHAL FONTENELE N 4311 RUA SELOTEAMENTO V21750000RIO DE JANEIRO RJUNIAO UMB DOS CULTOS AFRO BRAS    30051810 000016
10231987175000168817800093673    000012238                    000122380000000000000109                     I0212238     30041800000000035003410000017N200218104700000000000103004180000000000000000000000000000000000000000100060210389753ROZANA DOS SANTOS                       RUA MARANHAO N 1057 RUA B CASA 73       MEIER - RIO 23060720RIO DE JANEIRO RJUNIAO UMB DOS CULTOS AFRO BRAS    30041810 000017
10231987175000168817800093673    000012176                    000121760000000000000109                     I0212176     30041800000000035003410000017N200218104700000000000103004180000000000000000000000000000000000000000100025814712149JAIR FERREIRA FILHO                     RUA ENGENHEIRO PINHO DE MAGALHAES N 70  VILA DA PENH21220410RIO DE JANEIRO RJUNIAO UMB DOS CULTOS AFRO BRAS    30041810 000018
10231987175000168817800093673    000011904                    000119040000000000000109                     I0211904     30041800000000035003410000017N200218104700000000000103004180000000000000000000000000000000000000000100087394464768LEILA MARIA ROSA MARTINS                RUA EDNA MEDEIROS, 155                  CORUMBA - NO26042430NOVA IGUACU    RJUNIAO UMB DOS CULTOS AFRO BRAS    30041810 000019
10231987175000168817800093673    000011733                    000117330000000000000109                     I0211733     30041800000000035003410000017N200218104700000000000103004180000000000000000000000000000000000000000100051562430700EMILIA SANTANA MORAIS                   RUA JORNALISTA MOACIR PADILHA, 276 FUNDOCENTRO - NIT24020350NITEROI        RJUNIAO UMB DOS CULTOS AFRO BRAS    30041810 000020
10231987175000168817800093673    000011093                    000110930000000000000109                     I0211093     30041800000000035003410000017N200218104700000000000103004180000000000000000000000000000000000000000100001192135750CREUZA MARIA DA CONCEICAO               RUA BENEDITO LACERDA N 320              VILA CORCUND23071340CAMPO GRANDE   RJUNIAO UMB DOS CULTOS AFRO BRAS    30041810 000021
10231987175000168817800093673    000010947                    000109470000000000000109                     I0210947     30041800000000035003410000017N200218104700000000000103004180000000000000000000000000000000000000000100007333127729FRANCISCA GONCALVES                     RUA PROJETADA C BECO FRANCA, 4          ROLA - SANTA23520580RIO DE JANEIRO RJUNIAO UMB DOS CULTOS AFRO BRAS    30041810 000022
10231987175000168817800093673    000010774                    000107740000000000000109                     I0210774     30041800000000035003410000017N200218104700000000000103004180000000000000000000000000000000000000000100081473885787CELIA DA SILVA ALEXANDRE                AVENIDA MARECHAL FONTENELE N 4311 RUA SELOTEAMENTO V21750000RIO DE JANEIRO RJUNIAO UMB DOS CULTOS AFRO BRAS    30041810 000023
10231987175000168817800093673    000010740                    000107400000000000000109                     I0210740     30041800000000035003410000017N200218104700000000000103004180000000000000000000000000000000000000000100003761710739ALMIRA DE SOUZA SANTOS                  RUA CARMELITA DE JESUS, LOTE 6 QUADRA 3 ELISA MARIA 23076440RIO DE JANEIRO RJUNIAO UMB DOS CULTOS AFRO BRAS    30041810 000024
10231987175000168817800093673    000010629                    000106290000000000000109                     I0210629     30031800000000035003410000017N200218104700000000000103003180000000000000000000000000000000000000000100060210389753ROZANA DOS SANTOS                       RUA MARANHAO N 1057 RUA B CASA 73       MEIER - RIO 23060720RIO DE JANEIRO RJUNIAO UMB DOS CULTOS AFRO BRAS    30031810 000025
10231987175000168817800093673    000010567                    000105670000000000000109                     I0210567     30031800000000035003410000017N200218104700000000000103003180000000000000000000000000000000000000000100025814712149JAIR FERREIRA FILHO                     RUA ENGENHEIRO PINHO DE MAGALHAES N 70  VILA DA PENH21220410RIO DE JANEIRO RJUNIAO UMB DOS CULTOS AFRO BRAS    30031810 000026
10231987175000168817800093673    000010326                    000103260000000000000109                     I0210326     30031800000000035003410000017N200218104700000000000103003180000000000000000000000000000000000000000100024721975864LIDIANE FERNANDA BON SCHIAVI S          RUA LUIZ CAMERANO                       BELVEDERE DA27113260BARRA DO PIRAI RJUNIAO UMB DOS CULTOS AFRO BRAS    30031810 000027
10231987175000168817800093673    000010295                    000102950000000000000109                     I0210295     30031800000000035003410000017N200218104700000000000103003180000000000000000000000000000000000000000100087394464768LEILA MARIA ROSA MARTINS                RUA EDNA MEDEIROS, 155                  CORUMBA - NO26042430NOVA IGUACU    RJUNIAO UMB DOS CULTOS AFRO BRAS    30031810 000028
10231987175000168817800093673    000010217                    000102170000000000000109                     I0210217     22041800000000035003410000017N200218104700000000000102204180000000000000000000000000000000000000000100009036923760ERIKA BARBOSA DOS SANTOS                AVENIDA ERNANI CARDOSO, 53 FUNDOS CASA 1CASCADURA - 21310310RIO DE JANEIRO RJUNIAO UMB DOS CULTOS AFRO BRAS    22041810 000029
10231987175000168817800093673    000010152                    000101520000000000000109                     I0210152     30031800000000035003410000017N200218104700000000000103003180000000000000000000000000000000000000000100069833850715WALTER LIMA DE AVELLAR                  RUA SAO JOSE, S/N QUADRA 47 LOTE 19     ITAIPUACU - 24900000MARICA         RJUNIAO UMB DOS CULTOS AFRO BRAS    30031810 000030
10231987175000168817800093673    000010124                    000101240000000000000109                     I0210124     30031800000000035003410000017N200218104700000000000103003180000000000000000000000000000000000000000100051562430700EMILIA SANTANA MORAIS                   RUA JORNALISTA MOACIR PADILHA, 276 FUNDOCENTRO - NIT24020350NITEROI        RJUNIAO UMB DOS CULTOS AFRO BRAS    30031810 000031
10231987175000168817800093673    00009712                     000097120000000000000109                     I029712      30031800000000035003410000017N200218104700000000000103003180000000000000000000000000000000000000000100000357281756ROSA ELENA DA CONCEICAO ALVES           TRAVESSA TIRADENTES N 23 CASA 4         OLINDA - NIL26535370NILOPOLIS      RJUNIAO UMB DOS CULTOS AFRO BRAS    30031810 000032
10231987175000168817800093673    00009678                     000096780000000000000109                     I029678      30031800000000035003410000017N200218104700000000000103003180000000000000000000000000000000000000000100057316600772ESTELA FERREIRA                         AVENIDA BORIS, 321                      MUTONDO  - S24422730SAO GONCALO    RJUNIAO UMB DOS CULTOS AFRO BRAS    30031810 000033
10231987175000168817800093673    00009580                     000095800000000000000109                     I029580      30031800000000035003410000017N200218104700000000000103003180000000000000000000000000000000000000000100036386812700VICENCO GEARDINA NETO                   O MESMO                                 O MESMO     26061070NOVA IGUACU    RJUNIAO UMB DOS CULTOS AFRO BRAS    30031810 000034
10231987175000168817800093673    00009484                     000094840000000000000109                     I029484      30031800000000035003410000017N200218104700000000000103003180000000000000000000000000000000000000000100001192135750CREUZA MARIA DA CONCEICAO               RUA BENEDITO LACERDA N 320              VILA CORCUND23071340CAMPO GRANDE   RJUNIAO UMB DOS CULTOS AFRO BRAS    30031810 000035
10231987175000168817800093673    00009338                     000093380000000000000109                     I029338      30031800000000035003410000017N200218104700000000000103003180000000000000000000000000000000000000000100007333127729FRANCISCA GONCALVES                     RUA PROJETADA C BECO FRANCA, 4          ROLA - SANTA23520580RIO DE JANEIRO RJUNIAO UMB DOS CULTOS AFRO BRAS    30031810 000036
10231987175000168817800093673    00009165                     000091650000000000000109                     I029165      30031800000000035003410000017N200218104700000000000103003180000000000000000000000000000000000000000100081473885787CELIA DA SILVA ALEXANDRE                AVENIDA MARECHAL FONTENELE N 4311 RUA SELOTEAMENTO V21750000RIO DE JANEIRO RJUNIAO UMB DOS CULTOS AFRO BRAS    30031810 000037
10231987175000168817800093673    00009131                     000091310000000000000109                     I349131      30031800000000035003410000017N200218104700000000000103003180000000000000000000000000000000000000000100003761710739ALMIRA DE SOUZA SANTOS                  RUA CARMELITA DE JESUS, LOTE 6 QUADRA 3 ELISA MARIA 23076440RIO DE JANEIRO RJUNIAO UMB DOS CULTOS AFRO BRAS    30031810 000038
10231987175000168817800093673    00008028                     000080280000000000000109                     I028028      28021800000000035003410000017N291217104700000000000102802180000000000000000000000000000000000000000100001192135750CREUZA MARIA DA CONCEICAO               RUA BENEDITO LACERDA N 320              VILA CORCUND23071340CAMPO GRANDE   RJUNIAO UMB DOS CULTOS AFRO BRAS    28021810 000039
10231987175000168817800093673    00007891                     000078910000000000000109                     I027891      28021800000000035003410000017N291217104700000000000102802180000000000000000000000000000000000000000100081473885787CELIA DA SILVA ALEXANDRE                AVENIDA MARECHAL FONTENELE N 4311 RUA SELOTEAMENTO V21750000RIO DE JANEIRO RJUNIAO UMB DOS CULTOS AFRO BRAS    28021810 000040
10231987175000168817800093673    00007190                     000071900000000000000109                     I027190      28021800000000035003410000017N271217104700000000000102802180000000000000000000000000000000000000000100025814712149JAIR FERREIRA FILHO                     RUA ENGENHEIRO PINHO DE MAGALHAES N 70  VILA DA PENH21220410RIO DE JANEIRO RJUNIAO UMB DOS CULTOS AFRO BRAS    28021810 000041
10231987175000168817800093673    00006968                     000069680000000000000109                     I026968      28021800000000035003410000017N271217104700000000000102802180000000000000000000000000000000000000000100024721975864LIDIANE FERNANDA BON SCHIAVI S          RUA LUIZ CAMERANO                       BELVEDERE DA27113260BARRA DO PIRAI RJUNIAO UMB DOS CULTOS AFRO BRAS    28021810 000042
10231987175000168817800093673    00006828                     000068280000000000000109                     I026828      28021800000000035003410000017N271217104700000000000102802180000000000000000000000000000000000000000100069833850715WALTER LIMA DE AVELLAR                  RUA SAO JOSE, S/N QUADRA 47 LOTE 19     ITAIPUACU - 24900000MARICA         RJUNIAO UMB DOS CULTOS AFRO BRAS    28021810 000043
10231987175000168817800093673    00006811                     000068110000000000000109                     I026811      28021800000000035003410000017N271217104700000000000102802180000000000000000000000000000000000000000100051562430700EMILIA SANTANA MORAIS                   RUA JORNALISTA MOACIR PADILHA, 276 FUNDOCENTRO - NIT24020350NITEROI        RJUNIAO UMB DOS CULTOS AFRO BRAS    28021810 000044
10231987175000168817800093673    00006517                     000065170000000000000109                     I026517      28021800000000035003410000017N271217104700000000000102802180000000000000000000000000000000000000000100000357281756ROSA ELENA DA CONCEICAO ALVES           TRAVESSA TIRADENTES N 23 CASA 4         OLINDA - NIL26535370NILOPOLIS      RJUNIAO UMB DOS CULTOS AFRO BRAS    28021810 000045
10231987175000168817800093673    00006493                     000064930000000000000109                     I026493      20031800000000035003410000017N271217104700000000000102003180000000000000000000000000000000000000000100057316600772ESTELA FERREIRA                         AVENIDA BORIS, 321                      MUTONDO  - S24422730SAO GONCALO    RJUNIAO UMB DOS CULTOS AFRO BRAS    20031810 000046
10231987175000168817800093673    00006251                     000062510000000000000109                     I026251      28021800000000035003410000017N271217104700000000000102802180000000000000000000000000000000000000000100007333127729FRANCISCA GONCALVES                     RUA PROJETADA C BECO FRANCA, 4          ROLA - SANTA23520580RIO DE JANEIRO RJUNIAO UMB DOS CULTOS AFRO BRAS    28021810 000047
10231987175000168817800093673    00005940                     000059400000000000000109                     I025940      31011800000000035003410000017N261217104700000000000103101180000000000000000000000000000000000000000100025814712149JAIR FERREIRA FILHO                     RUA ENGENHEIRO PINHO DE MAGALHAES N 70  VILA DA PENH21220410RIO DE JANEIRO RJUNIAO UMB DOS CULTOS AFRO BRAS    31011810 000048
10231987175000168817800093673    00005718                     000057180000000000000109                     I025718      31011800000000035003410000017N261217104700000000000103101180000000000000000000000000000000000000000100024721975864LIDIANE FERNANDA BON SCHIAVI S          RUA LUIZ CAMERANO                       BELVEDERE DA27113260BARRA DO PIRAI RJUNIAO UMB DOS CULTOS AFRO BRAS    31011810 000049
10231987175000168817800093673    00005578                     000055780000000000000109                     I025578      31011800000000035003410000017N261217104700000000000103101180000000000000000000000000000000000000000100069833850715WALTER LIMA DE AVELLAR                  RUA SAO JOSE, S/N QUADRA 47 LOTE 19     ITAIPUACU - 24900000MARICA         RJUNIAO UMB DOS CULTOS AFRO BRAS    31011810 000050
10231987175000168817800093673    00005561                     000055610000000000000109                     I025561      31011800000000035003410000017N261217104700000000000103101180000000000000000000000000000000000000000100051562430700EMILIA SANTANA MORAIS                   RUA JORNALISTA MOACIR PADILHA, 276 FUNDOCENTRO - NIT24020350NITEROI        RJUNIAO UMB DOS CULTOS AFRO BRAS    31011810 000051
10231987175000168817800093673    00005267                     000052670000000000000109                     I025267      31011800000000035003410000017N261217104700000000000103101180000000000000000000000000000000000000000100000357281756ROSA ELENA DA CONCEICAO ALVES           TRAVESSA TIRADENTES N 23 CASA 4         OLINDA - NIL26535370NILOPOLIS      RJUNIAO UMB DOS CULTOS AFRO BRAS    31011810 000052
10231987175000168817800093673    00005001                     000050010000000000000109                     I025001      31011800000000035003410000017N261217104700000000000103101180000000000000000000000000000000000000000100007333127729FRANCISCA GONCALVES                     RUA PROJETADA C BECO FRANCA, 4          ROLA - SANTA23520580RIO DE JANEIRO RJUNIAO UMB DOS CULTOS AFRO BRAS    31011810 000053
10231987175000168817800093673    00004841                     000048410000000000000109                     I344841      31011800000000035003410000017N261217104700000000000103101180000000000000000000000000000000000000000100003761710739ALMIRA DE SOUZA SANTOS                  RUA CARMELITA DE JESUS, LOTE 6 QUADRA 3 ELISA MARIA 23076440RIO DE JANEIRO RJUNIAO UMB DOS CULTOS AFRO BRAS    31011810 000054
10231987175000168817800093673    00004728                     000047280000000000000109                     I024728      22121700000000350003410000017N051217104700000000000102212170000000000000000000000000000000000000000100075531585772ROSANGELA PAULINA RODRIGUES             ESTRADA: DA GUARITA N 1581              CARMARI - NO26040010NOVA IGUACU    RJUNIAO UMB DOS CULTOS AFRO BRAS    22121710 000055
9                                                                                                                                                                                                                                                                                                                                                                                                         000056
