01REMESSA01COBRANCA       817800093673        União Umb dos Cultos Afro Bra341BANCO ITAU SA  030819                                                                                                                                                                                                                                                                                                      000001
10231987175000168817800093673    000053804                    000538040000000000000109                     I0153804     10091900000000200003410000017N030819105700000000000661009190000000000000000000000000000000000000000100001079752706LUCIANO JOSE AZEVEDO GOMES              RUA: HERCIDES JOSE ESTRELA N 207,       SAMAMBAIA   25710265PETROPOLIS     RJUNIAO UMB DOS CULTOS AFRO BRAS    10091915 000002
21100920190000000000400                                                                                                                                                                                                                                                                                                                                                                                   000003
10231987175000168817800093673    000053803                    000538030000000000000109                     I0153803     10091900000000200003410000017N030819105700000000000661009190000000000000000000000000000000000000000100064201570568EDILEUZA CONCEICAO SANTOS               RUA: ALTO DA TEREZINHAN 170,            GOES CALMON 43700000BAHIA          BAUNIAO UMB DOS CULTOS AFRO BRAS    10091915 000004
21100920190000000000400                                                                                                                                                                                                                                                                                                                                                                                   000005
10231987175000168817800093673    000053802                    000538020000000000000109                     I0153802     10091900000000200003410000017N030819105700000000000661009190000000000000000000000000000000000000000100060411031791CARLOS ALBERTO LEITAO MENEZES           AVENIDA SAO JOAON 0, LOTE 18 QUADRA 134 VILA IBIRAPI23812090ITAGUAI        RJUNIAO UMB DOS CULTOS AFRO BRAS    10091915 000006
21100920190000000000400                                                                                                                                                                                                                                                                                                                                                                                   000007
10231987175000168817800093673    000053801                    000538010000000000000109                     I0153801     10091900000000200003410000017N030819105700000000000661009190000000000000000000000000000000000000000100089115554953ALCIR ROBERTO DUARTE                    RUA FRANCISO LUCHININ 100,              BATEIAS     89110000GASPAR         SCUNIAO UMB DOS CULTOS AFRO BRAS    10091915 000008
21100920190000000000400                                                                                                                                                                                                                                                                                                                                                                                   000009
10231987175000168817800093673    000053800                    000538000000000000000109                     I0153800     10091900000000200003410000017N030819105700000000000661009190000000000000000000000000000000000000000100068240007791OTACILIO ALVES DE OLIVEIRA              CAMINHO DO JANGON 0,                    NOVA AURORA 26155370BELFORD ROXO   RJUNIAO UMB DOS CULTOS AFRO BRAS    10091915 000010
21100920190000000000400                                                                                                                                                                                                                                                                                                                                                                                   000011
10231987175000168817800093673    000053799                    000537990000000000000109                     I0153799     10091900000000200003410000017N030819105700000000000661009190000000000000000000000000000000000000000100001453867759BENJAMIM ALBERTO ARUJO LOPES            QUADRA 16 CASA 22 ETAPA DN 0,           VALPARAISO  72870000VALPARAISO     GOUNIAO UMB DOS CULTOS AFRO BRAS    10091915 000012
21100920190000000000400                                                                                                                                                                                                                                                                                                                                                                                   000013
10231987175000168817800093673    000053798                    000537980000000000000109                     I0153798     10091900000000200003410000017N030819105700000000000661009190000000000000000000000000000000000000000100059950420768JORGE LUIZ ( AFUKANJI )                 RUA CHILEN 142,                         PARQUE INDEP25211390DUQUE DE CAXIASRJUNIAO UMB DOS CULTOS AFRO BRAS    10091915 000014
21100920190000000000400                                                                                                                                                                                                                                                                                                                                                                                   000015
10231987175000168817800093673    000053797                    000537970000000000000109                     I0153797     10091900000000200003410000017N030819105700000000000661009190000000000000000000000000000000000000000100032962541020JORGE LUIS HABY GOMES                   RUA PADRE MANOEL DA NOBREGAN 14,        APARECIDA   94855580ALVORADA       RSUNIAO UMB DOS CULTOS AFRO BRAS    10091915 000016
21100920190000000000400                                                                                                                                                                                                                                                                                                                                                                                   000017
10231987175000168817800093673    000053796                    000537960000000000000109                     I0153796     10091900000000200003410000017N030819105700000000000661009190000000000000000000000000000000000000000100017275714876NEIVALDO DA SILVA                       RUA ANTONIO FRANCISCO LISBOAN 274,      JARDIM AMAND13188001HORTOLANDIA    SPUNIAO UMB DOS CULTOS AFRO BRAS    10091915 000018
21100920190000000000400                                                                                                                                                                                                                                                                                                                                                                                   000019
10231987175000168817800093673    000053795                    000537950000000000000109                     I0153795     10091900000000200003410000017N030819105700000000000661009190000000000000000000000000000000000000000100085520381704CLAUDIA SIMOES RAMACCIOTTI RIB          RUA GONCALVES CHAVESN 876,              JARDIM CATAR24715051SAO GONCALO    RJUNIAO UMB DOS CULTOS AFRO BRAS    10091915 000020
21100920190000000000400                                                                                                                                                                                                                                                                                                                                                                                   000021
10231987175000168817800093673    000053794                    000537940000000000000109                     I0153794     10091900000000200003410000017N030819105700000000000661009190000000000000000000000000000000000000000100046789782087JULIO CESAR MALLMANN                    RUA JACUNDAN 113,                       GUARUJA     91770430PORTO ALEGRE   RSUNIAO UMB DOS CULTOS AFRO BRAS    10091915 000022
21100920190000000000400                                                                                                                                                                                                                                                                                                                                                                                   000023
10231987175000168817800093673    000053793                    000537930000000000000109                     I0153793     10091900000000200003410000017N030819105700000000000661009190000000000000000000000000000000000000000100007374154445ANDRE FELIPE BEZERRA                    RUA BALDOMERO CHACONN 200,              SANTA MARIA 59380000CURRAIS NOVOS  RNUNIAO UMB DOS CULTOS AFRO BRAS    10091915 000024
21100920190000000000400                                                                                                                                                                                                                                                                                                                                                                                   000025
10231987175000168817800093673    000053792                    000537920000000000000109                     I0153792     10091900000000200003410000017N030819105700000000000661009190000000000000000000000000000000000000000100072319011820EDUARDO PICCHI                          RUA ANTONIO DEVISATEN 41,               JARDIM TIRAD13215570JUNDIAI        SPUNIAO UMB DOS CULTOS AFRO BRAS    10091915 000026
21100920190000000000400                                                                                                                                                                                                                                                                                                                                                                                   000027
10231987175000168817800093673    000053791                    000537910000000000000109                     I0153791     10091900000000200003410000017N030819105700000000000661009190000000000000000000000000000000000000000100048640441049MARLI DE FATIMA DA SILVA                RUA PADRE MANOEL DA NOBREGAN 14,        APARECIDA   94855580ALVORADA       RSUNIAO UMB DOS CULTOS AFRO BRAS    10091915 000028
21100920190000000000400                                                                                                                                                                                                                                                                                                                                                                                   000029
10231987175000168817800093673    000053790                    000537900000000000000109                     I0153790     10091900000000200003410000017N030819105700000000000661009190000000000000000000000000000000000000000100037129352850JONATAS DE OLIVEIRA DA SILVA            RUA GENERAL RONDONN 150,                VILA MARGARI07849210FRANCO DA ROCHASPUNIAO UMB DOS CULTOS AFRO BRAS    10091915 000030
21100920190000000000400                                                                                                                                                                                                                                                                                                                                                                                   000031
10231987175000168817800093673    000053789                    000537890000000000000109                     I0153789     10091900000000200003410000017N030819105700000000000661009190000000000000000000000000000000000000000100017306685856RITA DE CASSIA MONTEIRO                 ALAMEDA DOS EUCALIPTOS N 242,           CENTRO      07600000MAIRIPORA      SPUNIAO UMB DOS CULTOS AFRO BRAS    10091915 000032
21100920190000000000400                                                                                                                                                                                                                                                                                                                                                                                   000033
10231987175000168817800093673    000053788                    000537880000000000000109                     I0153788     10091900000000200003410000017N030819105700000000000661009190000000000000000000000000000000000000000100093316259791JORGE LUIZ PEREIRA DE JESUS             RUA CLARIMUNDO DE MELON 1123,           QUINTINO BOC21311281RIO DE JANEIRO RJUNIAO UMB DOS CULTOS AFRO BRAS    10091915 000034
21100920190000000000400                                                                                                                                                                                                                                                                                                                                                                                   000035
10231987175000168817800093673    000053787                    000537870000000000000109                     I0153787     10091900000000200003410000017N030819105700000000000661009190000000000000000000000000000000000000000100033578104841HELIO RODRIGO SIMIAO DOS SANTO          RUA JULIANTE VIGNAN 230,                JARDIM SAO J05567130SAO PAULO      SPUNIAO UMB DOS CULTOS AFRO BRAS    10091915 000036
21100920190000000000400                                                                                                                                                                                                                                                                                                                                                                                   000037
10231987175000168817800093673    000053786                    000537860000000000000109                     I0153786     10091900000000200003410000017N030819105700000000000661009190000000000000000000000000000000000000000100005306071740FLAVIA PAULA AVILA                      RUA AURORAN 53,                         PENHA       21020380RIO DE JANEIRO RJUNIAO UMB DOS CULTOS AFRO BRAS    10091915 000038
21100920190000000000400                                                                                                                                                                                                                                                                                                                                                                                   000039
10231987175000168817800093673    000053785                    000537850000000000000109                     I0153785     10091900000000200003410000017N030819105700000000000661009190000000000000000000000000000000000000000100085907707704ANTONIO CARLOS QUEIROZ MACHADO          AVENIDA CANALN 226,                     JARDIM IMBAR25270450DUQUE DE CAXIASRJUNIAO UMB DOS CULTOS AFRO BRAS    10091915 000040
21100920190000000000400                                                                                                                                                                                                                                                                                                                                                                                   000041
10231987175000168817800093673    000053784                    000537840000000000000109                     I0153784     10091900000000200003410000017N030819105700000000000661009190000000000000000000000000000000000000000100049914685234CARLOS MARCIO CARDOSO DA SILVA          RUA: 22 DE NOVEMBRO N 7099,             NACIONAL    78900000PORTO VELHO    ROUNIAO UMB DOS CULTOS AFRO BRAS    10091915 000042
21100920190000000000400                                                                                                                                                                                                                                                                                                                                                                                   000043
10231987175000168817800093673    000053783                    000537830000000000000109                     I0153783     10091900000000200003410000017N030819105700000000000661009190000000000000000000000000000000000000000100000577719793MARINEZ VIANA GOMES DOS SANTOS          RUA SALAZARN 90,                        SANTO ANTONI26130440BELFORD ROXO   RJUNIAO UMB DOS CULTOS AFRO BRAS    10091915 000044
21100920190000000000400                                                                                                                                                                                                                                                                                                                                                                                   000045
10231987175000168817800093673    000053782                    000537820000000000000109                     I0153782     10091900000000200003410000017N030819105700000000000661009190000000000000000000000000000000000000000100044854811072SILVIO CRISTOVAO TORRADA REIS           AVENIDA DOS OCEANOSN 136,               PARQUE MARIN96215340RIO GRANDE     RSUNIAO UMB DOS CULTOS AFRO BRAS    10091915 000046
21100920190000000000400                                                                                                                                                                                                                                                                                                                                                                                   000047
10231987175000168817800093673    000053781                    000537810000000000000109                     I0153781     10091900000000200003410000017N030819105700000000000661009190000000000000000000000000000000000000000100010193222760GLAUCIO CHAVES CAETANO                  AVENIDA W 03 N 0, LOTE 10 - TRAVESSA VITLAGAMAR     27970050MACAE          RJUNIAO UMB DOS CULTOS AFRO BRAS    10091915 000048
21100920190000000000400                                                                                                                                                                                                                                                                                                                                                                                   000049
10231987175000168817800093673    000053780                    000537800000000000000109                     I0153780     10091900000000200003410000017N030819105700000000000661009190000000000000000000000000000000000000000100001901835782ANA PAULA VIEIRA DOS SANTOS             RUA TENENTE AMADO FILHON 101,           PORTO VELHO 24430055SAO GONCALO    RJUNIAO UMB DOS CULTOS AFRO BRAS    10091915 000050
21100920190000000000400                                                                                                                                                                                                                                                                                                                                                                                   000051
10231987175000168817800093673    000053779                    000537790000000000000109                     I0153779     10091900000000200003410000017N030819105700000000000661009190000000000000000000000000000000000000000100036385174700MARISE FILETO DE BARROS                 RUA: B N 131,                           ILHEUS      45650000BAHIA          BAUNIAO UMB DOS CULTOS AFRO BRAS    10091915 000052
21100920190000000000400                                                                                                                                                                                                                                                                                                                                                                                   000053
10231987175000168817800093673    000053778                    000537780000000000000109                     I0153778     10091900000000200003410000017N030819105700000000000661009190000000000000000000000000000000000000000100010975152220HELIANA DOS SANTOS MACIEL               RUA QUINTAN 5, RUA Nº 10               MAGUARI     67145310ANANINDEUA     PAUNIAO UMB DOS CULTOS AFRO BRAS    10091915 000054
21100920190000000000400                                                                                                                                                                                                                                                                                                                                                                                   000055
10231987175000168817800093673    000053777                    000537770000000000000109                     I0153777     10091900000000200003410000017N030819105700000000000661009190000000000000000000000000000000000000000100000448239752MARCO AURELIO DE CARVALHO COUT          RUA EXPEDICIONARIO MANUEL EDUARDO DE SOUITAUNA      24473260SAO GONCALO    RJUNIAO UMB DOS CULTOS AFRO BRAS    10091915 000056
21100920190000000000400                                                                                                                                                                                                                                                                                                                                                                                   000057
10231987175000168817800093673    000053776                    000537760000000000000109                     I0153776     10091900000000200003410000017N030819105700000000000661009190000000000000000000000000000000000000000100000233068821MARIA IZAURA BATISTA                    AVENIDA JOAO ANTONIO MECCATTIN 405,     JARDIM PLANA13211223JUNDIAI        SPUNIAO UMB DOS CULTOS AFRO BRAS    10091915 000058
21100920190000000000400                                                                                                                                                                                                                                                                                                                                                                                   000059
10231987175000168817800093673    000053775                    000537750000000000000109                     I0153775     10091900000000200003410000017N030819105700000000000661009190000000000000000000000000000000000000000100031385877472JORGE VITAL VIEGAS BRITO                RUA TAPERAGUASESN 111,                  PRADO       50630490RECIFE         PEUNIAO UMB DOS CULTOS AFRO BRAS    10091915 000060
21100920190000000000400                                                                                                                                                                                                                                                                                                                                                                                   000061
10231987175000168817800093673    000053774                    000537740000000000000109                     I0153774     10091900000000200003410000017N030819105700000000000661009190000000000000000000000000000000000000000100014918253750MESSIAS LUCAS SILVA                     RUA ELIAS DA SILVA CAMPOSN 0,           CENTRO      28544000SAO JOSE DE UBARJUNIAO UMB DOS CULTOS AFRO BRAS    10091915 000062
21100920190000000000400                                                                                                                                                                                                                                                                                                                                                                                   000063
10231987175000168817800093673    000053773                    000537730000000000000109                     I0153773     10091900000000200003410000017N030819105700000000000661009190000000000000000000000000000000000000000100010053517830WASHINGTON SILVA VIEIRA                 RUA CAPITAO PEDRO RODRIGUESN 199,       SAO JOSE    55294310GARANHUNS      PEUNIAO UMB DOS CULTOS AFRO BRAS    10091915 000064
21100920190000000000400                                                                                                                                                                                                                                                                                                                                                                                   000065
10231987175000168817800093673    000053772                    000537720000000000000109                     I0153772     10091900000000200003410000017N030819105700000000000661009190000000000000000000000000000000000000000100012398679802PAULO SERGIO JACINTO                    DEOCLECIANO DOS SANTOSN 91,             LOT. CHACARA06900000EMBU-GUACU     SPUNIAO UMB DOS CULTOS AFRO BRAS    10091915 000066
21100920190000000000400                                                                                                                                                                                                                                                                                                                                                                                   000067
10231987175000168817800093673    000053771                    000537710000000000000109                     I0153771     10091900000000200003410000017N030819105700000000000661009190000000000000000000000000000000000000000100017326869120SERGIO RONEI SCHILDT DO AMARAL          RUA JAMARIN 6289,                       BOA ESPERANC76940000ROLIM DE MOURA ROUNIAO UMB DOS CULTOS AFRO BRAS    10091915 000068
21100920190000000000400                                                                                                                                                                                                                                                                                                                                                                                   000069
10231987175000168817800093673    000053770                    000537700000000000000109                     I0153770     10091900000000200003410000017N030819105700000000000661009190000000000000000000000000000000000000000100025971118811MARIA DE LORDES BARBOSA                 RUA CELIO VIANAN 23,                    CENTRO      58500000MONTEIRO       PBUNIAO UMB DOS CULTOS AFRO BRAS    10091915 000070
21100920190000000000400                                                                                                                                                                                                                                                                                                                                                                                   000071
10231987175000168817800093673    000053769                    000537690000000000000109                     I0153769     10091900000000200003410000017N030819105700000000000661009190000000000000000000000000000000000000000100001989443737PAULO ANDRE SIMOES                      RUA BERNARDINO TILLIAN 0, LOTE 57 QUADRACOELHO DA RO25550260SAO JOAO DE MERRJUNIAO UMB DOS CULTOS AFRO BRAS    10091915 000072
21100920190000000000400                                                                                                                                                                                                                                                                                                                                                                                   000073
10231987175000168817800093673    000053768                    000537680000000000000109                     I0153768     10091900000000200003410000017N030819105700000000000661009190000000000000000000000000000000000000000100015025093856ALESSANDRA NADIA DO CARMO MARQ          RUA JOSE BIASSINO DE LUCAN 23,          VILA PAULO R12710530CRUZEIRO       SPUNIAO UMB DOS CULTOS AFRO BRAS    10091915 000074
21100920190000000000400                                                                                                                                                                                                                                                                                                                                                                                   000075
10231987175000168817800093673    000053767                    000537670000000000000109                     I0153767     10091900000000200003410000017N030819105700000000000661009190000000000000000000000000000000000000000100001939072751JOSE ROBERTO DA GLORIA                  RUA ALEXANDRINO VALENTE DA FONSECAN 182,COMENDADOR S26232360NOVA IGUACU    RJUNIAO UMB DOS CULTOS AFRO BRAS    10091915 000076
21100920190000000000400                                                                                                                                                                                                                                                                                                                                                                                   000077
10231987175000168817800093673    000053766                    000537660000000000000109                     I0153766     10091900000000200003410000017N030819105700000000000661009190000000000000000000000000000000000000000100022022044827FABIO HENRIQUE RIBEIRO LOPES            RUA PEDRO MANFRIMN 86,                  CONJUNTO HAB13178620SUMARE         SPUNIAO UMB DOS CULTOS AFRO BRAS    10091915 000078
21100920190000000000400                                                                                                                                                                                                                                                                                                                                                                                   000079
10231987175000168817800093673    000053765                    000537650000000000000109                     I0153765     10091900000000200003410000017N030819105700000000000661009190000000000000000000000000000000000000000100008595310742BEATRIZ DA SILVA VIEIRA                 ESTRADA DO CONTORNON 115,               CAMBOTA     27600000VALENCA        RJUNIAO UMB DOS CULTOS AFRO BRAS    10091915 000080
21100920190000000000400                                                                                                                                                                                                                                                                                                                                                                                   000081
10231987175000168817800093673    000053742                    000537420000000000000109                     I0153742     10091900000000200003410000017N030819105700000000000661009190000000000000000000000000000000000000000100061053945787MARIA DA CONCEICAO BATISTA              RUA PARAMIRIMN 389,                     BENTO RIBEIR21550610RIO DE JANEIRO RJUNIAO UMB DOS CULTOS AFRO BRAS    10091915 000082
21100920190000000000400                                                                                                                                                                                                                                                                                                                                                                                   000083
10231987175000168817800093673    000053740                    000537400000000000000109                     I0153740     10091900000000200003410000017N030819105700000000000661009190000000000000000000000000000000000000000100072773065204CARLOS DA SILVA SANTOS                  RUA DA PRACINHAN 36,                    MANGAL      68458060TUCURUI        PAUNIAO UMB DOS CULTOS AFRO BRAS    10091915 000084
21100920190000000000400                                                                                                                                                                                                                                                                                                                                                                                   000085
10231987175000168817800093673    000053739                    000537390000000000000109                     I0153739     10091900000000200003410000017N030819105700000000000661009190000000000000000000000000000000000000000100066430143368ANTONIO FELIPE FREITAS DE OLIV          RUA: LEITAO CERQUEIRA N 97,             FORTALEZA   60760550CEARA          CEUNIAO UMB DOS CULTOS AFRO BRAS    10091915 000086
21100920190000000000400                                                                                                                                                                                                                                                                                                                                                                                   000087
10231987175000168817800093673    000053738                    000537380000000000000109                     I0153738     10091900000000200003410000017N030819105700000000000661009190000000000000000000000000000000000000000100088749894668LEONARDO CRISTIANE CAMPOS               RUA CASSIMIRO DE ABREUN 375, A          CANDIDA CAMA39401042MONTES CLAROS  MGUNIAO UMB DOS CULTOS AFRO BRAS    10091915 000088
21100920190000000000400                                                                                                                                                                                                                                                                                                                                                                                   000089
10231987175000168817800093673    000053737                    000537370000000000000109                     I0153737     10091900000000200003410000017N030819105700000000000661009190000000000000000000000000000000000000000100008188363774ROSANGELA PEREIRA DOS SANTOS            ESTRADA DO OUTEIRO SANTON 1794, CASA 9  TAQUARA     22713169RIO DE JANEIRO RJUNIAO UMB DOS CULTOS AFRO BRAS    10091915 000090
21100920190000000000400                                                                                                                                                                                                                                                                                                                                                                                   000091
9                                                                                                                                                                                                                                                                                                                                                                                                         000092
