01REMESSA01COBRANCA       916200163100        União Umb dos Cultos Afro Bra341BANCO ITAU SA  040118                                                                                                                                                                                                                                                                                                      000001
10231987175000168916200163100    00008985                     000089850000000000000109                     I018985      28021800000000035003410000017N030118050900000000000102802180000000000000000000000000000000000000000100000119220792ANA MARIA PASSOS INOCENCIO              RUA CACONDE N 258                       RIO DE JANEI21331415RIO DE JANEIRO RJUNIAO UMB DOS CULTOS AFRO BRAS    28021810 000002
10231987175000168916200163100    00008984                     000089840000000000000109                     I018984      31011800000000035003410000017N030118050900000000000103101180000000000000000000000000000000000000000100000119220792ANA MARIA PASSOS INOCENCIO              RUA CACONDE N 258                       RIO DE JANEI21331415RIO DE JANEIRO RJUNIAO UMB DOS CULTOS AFRO BRAS    31011810 000003
10231987175000168916200163100    00008983                     000089830000000000000109                     I018983      28021800000000035003410000017N030118050900000000000102802180000000000000000000000000000000000000000100004253784704ALEXANDRE SIMOES NASCIMENTO             RUA SEBASTIAO DRUMOND N 179             ANCHIETA - R21640360RIO DE JANEIRO RJUNIAO UMB DOS CULTOS AFRO BRAS    28021810 000004
10231987175000168916200163100    00008982                     000089820000000000000109                     I018982      31011800000000035003410000017N030118050900000000000103101180000000000000000000000000000000000000000100004253784704ALEXANDRE SIMOES NASCIMENTO             RUA SEBASTIAO DRUMOND N 179             ANCHIETA - R21640360RIO DE JANEIRO RJUNIAO UMB DOS CULTOS AFRO BRAS    31011810 000005
10231987175000168916200163100    00008981                     000089810000000000000109                     I018981      28021800000000035003410000017N030118050900000000000102802180000000000000000000000000000000000000000100085773760797EDIR FERREIRA DA SILVA                  RUA DESEMBARGADOR FERREIRA PINTO, LOTE 3VALVERDE - N26291078NOVA IGUACU    RJUNIAO UMB DOS CULTOS AFRO BRAS    28021810 000006
10231987175000168916200163100    00008980                     000089800000000000000109                     I018980      31011800000000035003410000017N030118050900000000000103101180000000000000000000000000000000000000000100085773760797EDIR FERREIRA DA SILVA                  RUA DESEMBARGADOR FERREIRA PINTO, LOTE 3VALVERDE - N26291078NOVA IGUACU    RJUNIAO UMB DOS CULTOS AFRO BRAS    31011810 000007
10231987175000168916200163100    00008979                     000089790000000000000109                     I018979      28021800000000035003410000017N030118050900000000000102802180000000000000000000000000000000000000000100006264292770MARIZIA SILVA MATHIAS                   RUA SHOYO, 129                          PARAISO - NO26297117NOVA IGUACU    RJUNIAO UMB DOS CULTOS AFRO BRAS    28021810 000008
10231987175000168916200163100    00008978                     000089780000000000000109                     I018978      31011800000000035003410000017N030118050900000000000103101180000000000000000000000000000000000000000100006264292770MARIZIA SILVA MATHIAS                   RUA SHOYO, 129                          PARAISO - NO26297117NOVA IGUACU    RJUNIAO UMB DOS CULTOS AFRO BRAS    31011810 000009
10231987175000168916200163100    00008977                     000089770000000000000109                     I018977      28021800000000035003410000017N030118050900000000000102802180000000000000000000000000000000000000000100008478002707ALEXSANDRO JOAO MARTINS                 RUA: CARMO DO RIO CLARO Nº 266 - SAO GANOVA IGUACU 26021830NOVA IGUACU    RJUNIAO UMB DOS CULTOS AFRO BRAS    28021810 000010
10231987175000168916200163100    00008976                     000089760000000000000109                     I018976      31011800000000035003410000017N030118050900000000000103101180000000000000000000000000000000000000000100008478002707ALEXSANDRO JOAO MARTINS                 RUA: CARMO DO RIO CLARO Nº 266 - SAO GANOVA IGUACU 26021830NOVA IGUACU    RJUNIAO UMB DOS CULTOS AFRO BRAS    31011810 000011
10231987175000168916200163100    00008975                     000089750000000000000109                     I018975      28021800000000035003410000017N030118050900000000000102802180000000000000000000000000000000000000000100002558274740RITA DE CASSIA BRITO DE SOUZA           RUA HOMERO PINTO CAPUTO, 90 CASA 102    BANGU - RIO 21863080RIO DE JANEIRO RJUNIAO UMB DOS CULTOS AFRO BRAS    28021810 000012
10231987175000168916200163100    00008974                     000089740000000000000109                     I018974      31011800000000035003410000017N030118050900000000000103101180000000000000000000000000000000000000000100002558274740RITA DE CASSIA BRITO DE SOUZA           RUA HOMERO PINTO CAPUTO, 90 CASA 102    BANGU - RIO 21863080RIO DE JANEIRO RJUNIAO UMB DOS CULTOS AFRO BRAS    31011810 000013
10231987175000168916200163100    00008973                     000089730000000000000109                     I018973      28021800000000035003410000017N030118050900000000000102802180000000000000000000000000000000000000000100014708764774ADILSON CARNEIRO PINTO                  R JUREMA 49                             GUARATIBA   23035380RIO DE JANEIRO RJUNIAO UMB DOS CULTOS AFRO BRAS    28021810 000014
10231987175000168916200163100    00008972                     000089720000000000000109                     I018972      31011800000000035003410000017N030118050900000000000103101180000000000000000000000000000000000000000100014708764774ADILSON CARNEIRO PINTO                  R JUREMA 49                             GUARATIBA   23035380RIO DE JANEIRO RJUNIAO UMB DOS CULTOS AFRO BRAS    31011810 000015
10231987175000168916200163100    00008971                     000089710000000000000109                     I018971      28021800000000035003410000017N030118050900000000000102802180000000000000000000000000000000000000000100000879400781DEBORA NANCY DA SILVA COELHO            RUA: OSCAR Nº 36 - MIGUEL COUTO        NOVA IGUACU 26145210NOVA IGUACU    RJUNIAO UMB DOS CULTOS AFRO BRAS    28021810 000016
10231987175000168916200163100    00008970                     000089700000000000000109                     I018970      31011800000000035003410000017N030118050900000000000103101180000000000000000000000000000000000000000100000879400781DEBORA NANCY DA SILVA COELHO            RUA: OSCAR Nº 36 - MIGUEL COUTO        NOVA IGUACU 26145210NOVA IGUACU    RJUNIAO UMB DOS CULTOS AFRO BRAS    31011810 000017
10231987175000168916200163100    00008969                     000089690000000000000109                     I018969      28021800000000035003410000017N030118050900000000000102802180000000000000000000000000000000000000000100002330426798MARIA ALVES FERREIRA                    LOTE 1 CASA 1                           COMENDADOR S26280700RIO DE JANEIRO RJUNIAO UMB DOS CULTOS AFRO BRAS    28021810 000018
10231987175000168916200163100    00008968                     000089680000000000000109                     I018968      31011800000000035003410000017N030118050900000000000103101180000000000000000000000000000000000000000100002330426798MARIA ALVES FERREIRA                    LOTE 1 CASA 1                           COMENDADOR S26280700RIO DE JANEIRO RJUNIAO UMB DOS CULTOS AFRO BRAS    31011810 000019
10231987175000168916200163100    00008967                     000089670000000000000109                     I018967      28021800000000035003410000017N030118050900000000000102802180000000000000000000000000000000000000000100073887145704MARIA LUCIA APOLINARIO                  RUA AMERICO DA ROCHA N 779 CASA 1 FUNDOSMARECHAL HER21555300RIO DE JANEIRO RJUNIAO UMB DOS CULTOS AFRO BRAS    28021810 000020
10231987175000168916200163100    00008966                     000089660000000000000109                     I018966      31011800000000035003410000017N030118050900000000000103101180000000000000000000000000000000000000000100073887145704MARIA LUCIA APOLINARIO                  RUA AMERICO DA ROCHA N 779 CASA 1 FUNDOSMARECHAL HER21555300RIO DE JANEIRO RJUNIAO UMB DOS CULTOS AFRO BRAS    31011810 000021
10231987175000168916200163100    00008965                     000089650000000000000109                     I018965      28021800000000035003410000017N030118050900000000000102802180000000000000000000000000000000000000000100045469805720NIVALDA MARIA FERREIRA                  RUA LASSANCE LOTE 14 QUADRA 9           JARDIM MARAV23033100CAMPO GRANDE   RJUNIAO UMB DOS CULTOS AFRO BRAS    28021810 000022
10231987175000168916200163100    00008964                     000089640000000000000109                     I018964      31011800000000035003410000017N030118050900000000000103101180000000000000000000000000000000000000000100045469805720NIVALDA MARIA FERREIRA                  RUA LASSANCE LOTE 14 QUADRA 9           JARDIM MARAV23033100CAMPO GRANDE   RJUNIAO UMB DOS CULTOS AFRO BRAS    31011810 000023
10231987175000168916200163100    00008963                     000089630000000000000109                     I018963      28021800000000035003410000017N030118050900000000000102802180000000000000000000000000000000000000000100058500120797CIRLEA SALDANHA DA COSTA                RUA CARAMURU, LOTE 7 QUADRA 54          PRACA DA BAN25560110SAO JOAO DE MERRJUNIAO UMB DOS CULTOS AFRO BRAS    28021810 000024
10231987175000168916200163100    00008962                     000089620000000000000109                     I018962      31011800000000035003410000017N030118050900000000000103101180000000000000000000000000000000000000000100058500120797CIRLEA SALDANHA DA COSTA                RUA CARAMURU, LOTE 7 QUADRA 54          PRACA DA BAN25560110SAO JOAO DE MERRJUNIAO UMB DOS CULTOS AFRO BRAS    31011810 000025
9                                                                                                                                                                                                                                                                                                                                                                                                         000026
