01REMESSA01COBRANCA       817800093673        União Umb dos Cultos Afro Bra341BANCO ITAU SA  290318                                                                                                                                                                                                                                                                                                      000001
10231987175000168817800093673    000013736                    000137360000000000000109                     I0213736     30051800000000035003410000017N200218104700000000000103005180000000000000000000000000000000000000000100007545291778ANDRE LUIS DA SILVA                     RUA VASCO DA GAMA N 677                 PARQUE ESTOR26063190NOVA IGUACU    RJUNIAO UMB DOS CULTOS AFRO BRAS    30051810 000002
10231987175000168817800093673    000012660                    000126600000000000000109                     I0212660     30051800000000035003410000017N200218104700000000000103005180000000000000000000000000000000000000000100002547438704JORGE EDUARDO CAVALCANTI REIS           RUA ROSA DA FONSECA N 30 SOBRADO        MANGUINHOS -21041240RIO DE JANEIRO RJUNIAO UMB DOS CULTOS AFRO BRAS    30051810 000003
10231987175000168817800093673    000012514                    000125140000000000000109                     I0212514     30051800000000035003410000017N200218104700000000000103005180000000000000000000000000000000000000000200000000001778VANIA MEDEIROS COUTINHO                 RUA TEREZA, LOTE 4 QUADRA 4             PARQUE SUECI25245470BELFORD ROXO   RJUNIAO UMB DOS CULTOS AFRO BRAS    30051810 000004
10231987175000168817800093673    000012127                    000121270000000000000109                     I0212127     30041800000000035003410000017N200218104700000000000103004180000000000000000000000000000000000000000100007545291778ANDRE LUIS DA SILVA                     RUA VASCO DA GAMA N 677                 PARQUE ESTOR26063190NOVA IGUACU    RJUNIAO UMB DOS CULTOS AFRO BRAS    30041810 000005
10231987175000168817800093673    000011051                    000110510000000000000109                     I0211051     30041800000000035003410000017N200218104700000000000103004180000000000000000000000000000000000000000100002547438704JORGE EDUARDO CAVALCANTI REIS           RUA ROSA DA FONSECA N 30 SOBRADO        MANGUINHOS -21041240RIO DE JANEIRO RJUNIAO UMB DOS CULTOS AFRO BRAS    30041810 000006
10231987175000168817800093673    000010905                    000109050000000000000109                     I0210905     30041800000000035003410000017N200218104700000000000103004180000000000000000000000000000000000000000200000000001778VANIA MEDEIROS COUTINHO                 RUA TEREZA, LOTE 4 QUADRA 4             PARQUE SUECI25245470BELFORD ROXO   RJUNIAO UMB DOS CULTOS AFRO BRAS    30041810 000007
10231987175000168817800093673    000010518                    000105180000000000000109                     I0210518     30031800000000035003410000017N200218104700000000000103003180000000000000000000000000000000000000000100007545291778ANDRE LUIS DA SILVA                     RUA VASCO DA GAMA N 677                 PARQUE ESTOR26063190NOVA IGUACU    RJUNIAO UMB DOS CULTOS AFRO BRAS    30031810 000008
10231987175000168817800093673    000010438                    000104380000000000000109                     I0210438     30031800000000035003410000017N200218104700000000000103003180000000000000000000000000000000000000000100008304619733LEILA DO NASCIMENTO COUTINHO            AVENIDA: VICENTE DE CARVALHO N° 1086 RUVILA KOSMO -21210024RIO DE JANEIRO RJUNIAO UMB DOS CULTOS AFRO BRAS    30031810 000009
10231987175000168817800093673    000010430                    000104300000000000000109                     I0210430     30031800000000035003410000017N200218104700000000000103003180000000000000000000000000000000000000000100093130864768SOLANGE GERMANO DA COSTA                RUA URUCUIA N 689 CASA 1                VILA VALQUEI21321310RIO DE JANEIRO RJUNIAO UMB DOS CULTOS AFRO BRAS    30031810 000010
10231987175000168817800093673    000010415                    000104150000000000000109                     I0210415     30031800000000035003410000017N200218104700000000000103003180000000000000000000000000000000000000000100009948535723ANA CAROLINA VICENTE TELLES GO          RUA PACHECO JUNIOR N 151                BRAZ DE PINA21211170RIO DE JANEIRO RJUNIAO UMB DOS CULTOS AFRO BRAS    30031810 000011
10231987175000168817800093673    00009835                     000098350000000000000109                     I349835      30031800000000035003410000017N200218104700000000000103003180000000000000000000000000000000000000000100071567747784MARIA DO CARMO MARIANO DOS SAN          RUA PERI, SN LOTE 36                    EDEN - SAO J25535162SAO JOAO DE MERRJUNIAO UMB DOS CULTOS AFRO BRAS    30031810 000012
10231987175000168817800093673    00009442                     000094420000000000000109                     I029442      30031800000000035003410000017N200218104700000000000103003180000000000000000000000000000000000000000100002547438704JORGE EDUARDO CAVALCANTI REIS           RUA ROSA DA FONSECA N 30 SOBRADO        MANGUINHOS -21041240RIO DE JANEIRO RJUNIAO UMB DOS CULTOS AFRO BRAS    30031810 000013
10231987175000168817800093673    00009296                     000092960000000000000109                     I029296      30031800000000035003410000017N200218104700000000000103003180000000000000000000000000000000000000000200000000001778VANIA MEDEIROS COUTINHO                 RUA TEREZA, LOTE 4 QUADRA 4             PARQUE SUECI25245470BELFORD ROXO   RJUNIAO UMB DOS CULTOS AFRO BRAS    30031810 000014
10231987175000168817800093673    00007944                     000079440000000000000109                     I347944      28021800000000035003410000017N291217104700000000000102802180000000000000000000000000000000000000000100000475441710KASSIA DAMAZIO SOBRINHO                 RUA OPNIAO LIBERA, 27                   JACAREPAGUA 22715130RIO DE JANEIRO RJUNIAO UMB DOS CULTOS AFRO BRAS    28021810 000015
10231987175000168817800093673    00007040                     000070400000000000000109                     I027040      28021800000000035003410000017N271217104700000000000102802180000000000000000000000000000000000000000100009948535723ANA CAROLINA VICENTE TELLES GO          RUA PACHECO JUNIOR N 151                BRAZ DE PINA21211170RIO DE JANEIRO RJUNIAO UMB DOS CULTOS AFRO BRAS    28021810 000016
10231987175000168817800093673    00006604                     000066040000000000000109                     I026604      28021800000000035003410000017N271217104700000000000102802180000000000000000000000000000000000000000100071567747784MARIA DO CARMO MARIANO DOS SAN          RUA PERI, SN LOTE 36                    EDEN - SAO J25535162SAO JOAO DE MERRJUNIAO UMB DOS CULTOS AFRO BRAS    28021810 000017
10231987175000168817800093673    00004757                     000047570000000000000109                     I024757      10011800000000350003410000017N121217104700000000000101001180000000000000000000000000000000000000000100003387547720APARECIDA DOS SANTOS                    RUA LAOS                                VILA HELIOPO26125170BELFORD ROXO   RJUNIAO UMB DOS CULTOS AFRO BRAS    10011810 000018
10231987175000168817800093673    00001464                     000014640000000000000109                     I021464      20121700000000240003410000017N251017104700000000000102012170000000000000000000000000000000000000000100050576046787CELINA CANDIDO LOURENCO                 RUA MARCOLINO, 15 A                     PIEDADE - RI20751120RIO DE JANEIRO RJUNIAO UMB DOS CULTOS AFRO BRAS    20121710 000019
9                                                                                                                                                                                                                                                                                                                                                                                                         000020
