01REMESSA01COBRANCA       916200163100        União Umb dos Cultos Afro Bra341BANCO ITAU SA  070618                                                                                                                                                                                                                                                                                                      000001
10231987175000168916200163100    000021069                    000210690000000000000109                     I3421069     10061800000000129003410000017N250518104700000000000101006180000000000000000000000000000000000000000100058183868720ZILDA SIMOES DO NASCIMENTO MAN          RUA IBITINGA N 31 LOTE 9                PARQUE SAO B26167160BELFORD ROXO   RJUNIAO UMB DOS CULTOS AFRO BRAS    10061810 000002
10231987175000168916200163100    000020897                    000208970000000000000109                     I0220897     30081800000000035003410000017N100518104700000000000103008180000000000000000000000000000000000000000100000339035730RICARDO MARREIROS NETO                  ESTRADA DO MORGADO N 511                VARGEM GRAND22785550RIO DE JANEIRO RJUNIAO UMB DOS CULTOS AFRO BRAS    30081810 000003
10231987175000168916200163100    000020896                    000208960000000000000109                     I0220896     30071800000000035003410000017N100518104700000000000103007180000000000000000000000000000000000000000100000339035730RICARDO MARREIROS NETO                  ESTRADA DO MORGADO N 511                VARGEM GRAND22785550RIO DE JANEIRO RJUNIAO UMB DOS CULTOS AFRO BRAS    30071810 000004
10231987175000168916200163100    000020895                    000208950000000000000109                     I0220895     30061800000000035003410000017N100518104700000000000103006180000000000000000000000000000000000000000100000339035730RICARDO MARREIROS NETO                  ESTRADA DO MORGADO N 511                VARGEM GRAND22785550RIO DE JANEIRO RJUNIAO UMB DOS CULTOS AFRO BRAS    30061810 000005
10231987175000168916200163100    000020823                    000208230000000000000109                     I3420823     30081800000000040003410000017N090518104700000000000103008180000000000000000000000000000000000000000100073243728720MARCOS AURELIO REIS DE CASTRO           RUA DAS ROSAS                           VILA VALQUEI21321382RIO DE JANEIRO RJUNIAO UMB DOS CULTOS AFRO BRAS    30081810 000006
10231987175000168916200163100    000019984                    000199840000000000000109                     I3419984     30081800000000035003410000017N070518104700000000000103008180000000000000000000000000000000000000000100010703174703LEILIANE NOGUEIRA OLIVEIRA              TRAVESSA VINTE E OITO, 6                PARQUE SANTA26115230BELFORD ROXO   RJUNIAO UMB DOS CULTOS AFRO BRAS    30081810 000007
10231987175000168916200163100    000019237                    000192370000000000000109                     I3419237     30081800000000035003410000017N070518104700000000000103008180000000000000000000000000000000000000000100001686254741ADELIA DE OLIVEIRA AZEVEDO              RUA CORONEL CAMISAO N 842               VISTA ALEGRE21250290RIO DE JANEIRO RJUNIAO UMB DOS CULTOS AFRO BRAS    30081810 000008
10231987175000168916200163100    000019077                    000190770000000000000109                     I3419077     30071800000000035003410000017N070518104700000000000103007180000000000000000000000000000000000000000100011351878786GLEISSON BITTENCOURT DA SILVA           RUA FLORA DE ARAUJO N 310               PRATA - NOVA26010570NOVA IGUACU    RJUNIAO UMB DOS CULTOS AFRO BRAS    30071810 000009
10231987175000168916200163100    000018511                    000185110000000000000109                     I3418511     30071800000000035003410000017N070518104700000000000103007180000000000000000000000000000000000000000100003276628759HERCULES LIMA TAVARES                   RUA: ALFREDO MANSUR Nº 150 CASA 3 - MORBARRA DO PIR27150430BARRA DO PIRAI RJUNIAO UMB DOS CULTOS AFRO BRAS    30071810 000010
10231987175000168916200163100    000018414                    000184140000000000000109                     I3418414     30071800000000035003410000017N070518104700000000000103007180000000000000000000000000000000000000000100010703174703LEILIANE NOGUEIRA OLIVEIRA              TRAVESSA VINTE E OITO, 6                PARQUE SANTA26115230BELFORD ROXO   RJUNIAO UMB DOS CULTOS AFRO BRAS    30071810 000011
10231987175000168916200163100    000017667                    000176670000000000000109                     I3417667     30071800000000035003410000017N070518104700000000000103007180000000000000000000000000000000000000000100001686254741ADELIA DE OLIVEIRA AZEVEDO              RUA CORONEL CAMISAO N 842               VISTA ALEGRE21250290RIO DE JANEIRO RJUNIAO UMB DOS CULTOS AFRO BRAS    30071810 000012
10231987175000168916200163100    000015887                    000158870000000000000109                     I3415887     30061800000000035003410000017N070518104700000000000103006180000000000000000000000000000000000000000100011351878786GLEISSON BITTENCOURT DA SILVA           RUA FLORA DE ARAUJO N 310               PRATA - NOVA26010570NOVA IGUACU    RJUNIAO UMB DOS CULTOS AFRO BRAS    30061810 000013
10231987175000168916200163100    000015321                    000153210000000000000109                     I3415321     30061800000000035003410000017N070518104700000000000103006180000000000000000000000000000000000000000100003276628759HERCULES LIMA TAVARES                   RUA: ALFREDO MANSUR Nº 150 CASA 3 - MORBARRA DO PIR27150430BARRA DO PIRAI RJUNIAO UMB DOS CULTOS AFRO BRAS    30061810 000014
10231987175000168916200163100    000015225                    000152250000000000000109                     I3415225     30061800000000035003410000017N070518104700000000000103006180000000000000000000000000000000000000000100010703174703LEILIANE NOGUEIRA OLIVEIRA              TRAVESSA VINTE E OITO, 6                PARQUE SANTA26115230BELFORD ROXO   RJUNIAO UMB DOS CULTOS AFRO BRAS    30061810 000015
10231987175000168916200163100    000014688                    000146880000000000000109                     I0214688     30061800000000035003410000017N070518104700000000000103006180000000000000000000000000000000000000000100054770122772EDUARDO DOS SANTOS REIS NETO            O MESMO                                 O MESMO     21360080RIO DE JANEIRO RJUNIAO UMB DOS CULTOS AFRO BRAS    30061810 000016
10231987175000168916200163100    000014478                    000144780000000000000109                     I3414478     30061800000000035003410000017N070518104700000000000103006180000000000000000000000000000000000000000100001686254741ADELIA DE OLIVEIRA AZEVEDO              RUA CORONEL CAMISAO N 842               VISTA ALEGRE21250290RIO DE JANEIRO RJUNIAO UMB DOS CULTOS AFRO BRAS    30061810 000017
10231987175000168916200163100    000014400                    000144000000000000000109                     I3414400     20041800000000035003410000017N130418104700000000000102004180000000000000000000000000000000000000000100004291405766JACQUELINE ELIZABETH BALTHAZAR          RUA DOUTOR MIGUEL VIEIRA FERREIRA N 350 RAMOS - RIO 21060120RIO DE JANEIRO RJUNIAO UMB DOS CULTOS AFRO BRAS    20041810 000018
10231987175000168916200163100    000014392                    000143920000000000000109                     I3414392     30041800000000315003410000017N110418104700000000000103004180000000000000000000000000000000000000000100012732003735THAYS CRISTINA CAMPOS BARBOSA           RUA  LUIS BARBALHO 445                  ROCHA MIRAND21510110RIO DE JANEIRO RJUNIAO UMB DOS CULTOS AFRO BRAS    30041810 000019
10231987175000168916200163100    000014282                    000142820000000000000109                     I3414282     10041800000000837553410000017N290318104700000000000101004180000000000000000000000000000000000000000100013946879772ALDENI ALBENORA DA SILVA                RUA: JOAO DANIEL                        BENTO RIBEIR21550480RIO DE JANEIRO RJUNIAO UMB DOS CULTOS AFRO BRAS    10041810 000020
10231987175000168916200163100    00008903                     000089030000000000000109                     I028903      31011800000000035003410000017N020118104700000000000103101180000000000000000000000000000000000000000100037497030787LINDINALVA AGUIAR PAVANELLI             O MESMO                                 O MESMO     22230010RIO DE JANEIRO RJUNIAO UMB DOS CULTOS AFRO BRAS    31011810 000021
10231987175000168916200163100    00008881                     000088810000000000000109                     I348881      20031800000000035003410000017N020118104700000000000102003180000000000000000000000000000000000000000100007682577789CLAUDIA CRISTINA CARVALHO AREA          RUA ALFAZEMA, 91 CASA 1                 PADRE MIGUEL21720360RIO DE JANEIRO RJUNIAO UMB DOS CULTOS AFRO BRAS    20031810 000022
10231987175000168916200163100    00008878                     000088780000000000000109                     I348878      31011800000000035003410000017N020118104700000000000103101180000000000000000000000000000000000000000100035750553787SUELY PINHEIRO DA SILVA                 RUA MARILENE VIEIRA DE ASSIS, 850 FUNDOSVILA MARIA H25251500DUQUE DE CAXIASRJUNIAO UMB DOS CULTOS AFRO BRAS    31011810 000023
10231987175000168916200163100    00008870                     000088700000000000000109                     I348870      20031800000000035003410000017N020118104700000000000102003180000000000000000000000000000000000000000100081905530706ALBERTO DINIZ RODRIGUES GABRIE          RUA AGAI, S/N QUADRA 38 LOTE 14         PACIENCIA   23065620RIO DE JANEIRO RJUNIAO UMB DOS CULTOS AFRO BRAS    20031810 000024
10231987175000168916200163100    00008410                     000084100000000000000109                     I348410      31011800000000035003410000017N020118104700000000000103101180000000000000000000000000000000000000000100001686254741ADELIA DE OLIVEIRA AZEVEDO              RUA CORONEL CAMISAO N 842               VISTA ALEGRE21250290RIO DE JANEIRO RJUNIAO UMB DOS CULTOS AFRO BRAS    31011810 000025
10231987175000168916200163100    00002904                     000029040000000000000109                     I022904      31121700000000035003410000017N131117104700000000000103112170000000000000000000000000000000000000000100058183868720ZILDA SIMOES DO NASCIMENTO MAN          RUA IBITINGA N 31 LOTE 9                PARQUE SAO B26167160BELFORD ROXO   RJUNIAO UMB DOS CULTOS AFRO BRAS    31121710 000026
10231987175000168916200163100    00002861                     000028610000000000000109                     I022861      31121700000000035003410000017N131117104700000000000103112170000000000000000000000000000000000000000100079227422749ROGERIO DOS SANTOS                      RUA LOURENCO CAMPOS, 156 CASA 1         SAO MATEUS -25525711SAO JOAO DE MERRJUNIAO UMB DOS CULTOS AFRO BRAS    31121710 000027
10231987175000168916200163100    00002737                     000027370000000000000109                     I342737      31121700000000035003410000017N131117104700000000000103112170000000000000000000000000000000000000000100005529010750JOELMA MELO DA SILVA                    RUA ELIEZER ALVES DA ROCHA, 226         RAUL VEIGA -24710640SAO GONCALO    RJUNIAO UMB DOS CULTOS AFRO BRAS    31121710 000028
10231987175000168916200163100    00002510                     000025100000000000000109                     I022510      31121700000000035003410000017N131117104700000000000103112170000000000000000000000000000000000000000100012732003735THAYS CRISTINA CAMPOS BARBOSA           RUA  LUIS BARBALHO 445                  ROCHA MIRAND21510110RIO DE JANEIRO RJUNIAO UMB DOS CULTOS AFRO BRAS    31121710 000029
10231987175000168916200163100    00002453                     000024530000000000000109                     I342453      31121700000000035003410000017N131117104700000000000103112170000000000000000000000000000000000000000100018324860797ORLANDO ROCHA                           RUA EDUARDO CESAR MACHADO, 616          ANCHIETA - R21635140RIO DE JANEIRO RJUNIAO UMB DOS CULTOS AFRO BRAS    31121710 000030
10231987175000168916200163100    00002022                     000020220000000000000109                     I342022      31121700000000035003410000017N131117104700000000000103112170000000000000000000000000000000000000000200000000002796ANA MARIA ROQUE DA SILVA                RUA EUCLIDES ROXO N 185                 REALENGO - R21765590RIO DE JANEIRO RJUNIAO UMB DOS CULTOS AFRO BRAS    31121710 000031
10231987175000168916200163100    00001976                     000019760000000000000109                     I021976      31121700000000035003410000017N131117104700000000000103112170000000000000000000000000000000000000000100004455965700MARIA DE LOURDES SOARES DA SIL          ESTRADA RJ 127 KM 25                    ALTO DO CHAF26650000PAULO DE FRONTIRJUNIAO UMB DOS CULTOS AFRO BRAS    31121710 000032
9                                                                                                                                                                                                                                                                                                                                                                                                         000033
