01REMESSA01COBRANCA       916200163100        União Umb dos Cultos Afro Bra341BANCO ITAU SA  270218                                                                                                                                                                                                                                                                                                      000001
10231987175000168916200163100    000014118                    000141180000000000000109                     I0114118     10041800000000350003410000017N270218104700000000000101004180000000000000000000000000000000000000000100007442503748SANDRO RICARDO DE OLIVEIRA              ESTRADA DO GUANDU,  2 CASA A            SANTA CRUZ -23560150RIO DE JANEIRO RJUNIAO UMB DOS CULTOS AFRO BRAS    10041810 000002
10231987175000168916200163100    000014117                    000141170000000000000109                     I0114117     10041800000000350003410000017N270218104700000000000101004180000000000000000000000000000000000000000100000085273967JUSSARA BALBINO GENUARIO                RUA DAS MARGARIDAS, 16                  CHAPERO - IT23830240ITAGUAI        RJUNIAO UMB DOS CULTOS AFRO BRAS    10041810 000003
10231987175000168916200163100    000014116                    000141160000000000000109                     I0114116     10041800000000350003410000017N270218104700000000000101004180000000000000000000000000000000000000000100039655172791JOSE CARLOS COSTA                       RUA HERTA, 25 - PRAIA DO IMPERADOR      MAUA - MAGE/25900000MAGE           RJUNIAO UMB DOS CULTOS AFRO BRAS    10041810 000004
10231987175000168916200163100    000014115                    000141150000000000000109                     I0114115     10041800000000350003410000017N270218104700000000000101004180000000000000000000000000000000000000000100009834155794NELY MARIA RODRIGUES DANTAS             RUA DA CONCEICAO, 70                    VARGEM ALEGR27155000BARRA DO PIRAI RJUNIAO UMB DOS CULTOS AFRO BRAS    10041810 000005
10231987175000168916200163100    000014114                    000141140000000000000109                     I0114114     10041800000000350003410000017N270218104700000000000101004180000000000000000000000000000000000000000100073608351787ANTONIO CARLOS MARTINS DA SILV          RUA AREAL,165                           SEPETIBA - R23535730RIO DE JANEIRO RJUNIAO UMB DOS CULTOS AFRO BRAS    10041810 000006
10231987175000168916200163100    000014113                    000141130000000000000109                     I0114113     10041800000000350003410000017N270218104700000000000101004180000000000000000000000000000000000000000100030779723791JAMILTON BISPO DOS SANTOS               ESTRADA DOS PALMARES, 2015 PROJETADA C LMORADA VERDE23575270RIO DE JANEIRO RJUNIAO UMB DOS CULTOS AFRO BRAS    10041810 000007
10231987175000168916200163100    000014112                    000141120000000000000109                     I0114112     10041800000000350003410000017N270218104700000000000101004180000000000000000000000000000000000000000100001440590702VERONICA MARIA MOREIRA                  RUA QUATORZE DE OUTUBRO, 268 GLEBA B    CHAPERO - IT23812285ITAGUAI        RJUNIAO UMB DOS CULTOS AFRO BRAS    10041810 000008
10231987175000168916200163100    000014111                    000141110000000000000109                     I0114111     10041800000000350003410000017N270218104700000000000101004180000000000000000000000000000000000000000100084908157715RAQUEL TAVARES FERREIRA DA SIL          RUA CATULO CEARENSE, 204                VILA GENI - 23825290RIO DE JANEIRO RJUNIAO UMB DOS CULTOS AFRO BRAS    10041810 000009
10231987175000168916200163100    000014110                    000141100000000000000109                     I0114110     10041800000000350003410000017N270218104700000000000101004180000000000000000000000000000000000000000100009831383702MARCELO SOUZA MATOS                     AVENIDA MERITI, 1504 FUNDOS             VILA DA PENH21211006RIO DE JANEIRO RJUNIAO UMB DOS CULTOS AFRO BRAS    10041810 000010
10231987175000168916200163100    000014109                    000141090000000000000109                     I0114109     10041800000000350003410000017N270218104700000000000101004180000000000000000000000000000000000000000100000308305752MAGDA DA SILVA DINELLY                  ESTRADA DOS SETE RIACHOS, 1949 LOTE 10 CSANTISSIMO -23098006RIO DE JANEIRO RJUNIAO UMB DOS CULTOS AFRO BRAS    10041810 000011
10231987175000168916200163100    000014108                    000141080000000000000109                     I0114108     10041800000000350003410000017N270218104700000000000101004180000000000000000000000000000000000000000100001866064789ALEXANDRE MENDONCA (XANDAO)             RUA TRES DE OUTUBRO, 667 - ENGENHO      CHAPERO - IT23830020CHAPERO - ITAGURJUNIAO UMB DOS CULTOS AFRO BRAS    10041810 000012
10231987175000168916200163100    000014107                    000141070000000000000109                     I0114107     10041800000000350003410000017N270218104700000000000101004180000000000000000000000000000000000000000100002554595720ROSA CRISTINA SANTANA BARBOSA           RUA JOSE FERNANDES N 14                 SEPETIBA - R23535450RIO DE JANEIRO RJUNIAO UMB DOS CULTOS AFRO BRAS    10041810 000013
10231987175000168916200163100    000014106                    000141060000000000000109                     I0114106     10041800000000350003410000017N270218104700000000000101004180000000000000000000000000000000000000000200000000001673DAVID MOREIRA DE MENDONCA               RUA GENERAL RENATO PIQUET, LOTE 27 QUADRVILA GENI - 23825460ITAGUAI        RJUNIAO UMB DOS CULTOS AFRO BRAS    10041810 000014
10231987175000168916200163100    000014105                    000141050000000000000109                     I0114105     10041800000000350003410000017N270218104700000000000101004180000000000000000000000000000000000000000200000000002244FAUSTO IACOVELLI                        RUA SAO JOAO, LOTE 15 QUADRA 29 - KM 32 PQ.SAO FRANC26369160NOVA IGUACU    RJUNIAO UMB DOS CULTOS AFRO BRAS    10041810 000015
10231987175000168916200163100    000014104                    000141040000000000000109                     I0114104     10041800000000350003410000017N270218104700000000000101004180000000000000000000000000000000000000000200000000006562GINO ZACARIAS DE JESUS                  RUA NOVE, 2                             VILA GENI - 23830010RIO DE JANEIRO RJUNIAO UMB DOS CULTOS AFRO BRAS    10041810 000016
10231987175000168916200163100    000014103                    000141030000000000000109                     I0114103     10041800000000350003410000017N270218104700000000000101004180000000000000000000000000000000000000000200000000001238MARCOS AURELIO WOLF GARCIA              RUA: PROFESSORA CARMELITA MARTINS Nº 21PRACA SECA -21321220RIO DE JANEIRO RJUNIAO UMB DOS CULTOS AFRO BRAS    10041810 000017
10231987175000168916200163100    000014102                    000141020000000000000109                     I0114102     10041800000000350003410000017N270218104700000000000101004180000000000000000000000000000000000000000100036206071700MARIA ISABEL RAMOS                      RUA MARINA N 428                        BENTO RIBEIR21331070RIO DE JANEIRO RJUNIAO UMB DOS CULTOS AFRO BRAS    10041810 000018
10231987175000168916200163100    000014101                    000141010000000000000109                     I0114101     10041800000000350003410000017N270218104700000000000101004180000000000000000000000000000000000000000100074510266715ANA LUCIA DE ALMEIDA BURITY             ESTRADA CAPOEIRA GRANDE                 PEDRA DE GUA23026220RIO DE JANEIRO RJUNIAO UMB DOS CULTOS AFRO BRAS    10041810 000019
10231987175000168916200163100    000014100                    000141000000000000000109                     I0114100     10041800000000350003410000017N270218104700000000000101004180000000000000000000000000000000000000000100001804015725ZELIA CAMPOSO FURTADO                   RUA OURO BRANCO, 511                    VILA VALQUEI21321560RIO DE JANEIRO RJUNIAO UMB DOS CULTOS AFRO BRAS    10041810 000020
10231987175000168916200163100    000014099                    000140990000000000000109                     I0114099     10041800000000350003410000017N270218104700000000000101004180000000000000000000000000000000000000000100010520857763MARCELO ANTONIO PIMENTA                 RUA ITUMIRIM, 25                        GUARATIBA - 23033270RIO DE JANEIRO RJUNIAO UMB DOS CULTOS AFRO BRAS    10041810 000021
10231987175000168916200163100    000014098                    000140980000000000000109                     I0114098     10041800000000350003410000017N270218104700000000000101004180000000000000000000000000000000000000000100004826958706CRISTIANE RABELLO PAZ                   RUA ROBERTO SILVA N 540                 RAMOS - RIO 21060230RIO DE JANEIRO RJUNIAO UMB DOS CULTOS AFRO BRAS    10041810 000022
10231987175000168916200163100    000014097                    000140970000000000000109                     I0114097     10041800000000350003410000017N270218104700000000000101004180000000000000000000000000000000000000000100002880433754ROSELANE DOS SANTOS ADAO MENDE          RUA CORREGO DANTA, LOTE 26 QUADRA 22    PEDRA DE GUA23026500GUARATIBA      RJUNIAO UMB DOS CULTOS AFRO BRAS    10041810 000023
10231987175000168916200163100    000014096                    000140960000000000000109                     I0114096     10041800000000350003410000017N270218104700000000000101004180000000000000000000000000000000000000000100078251329749SOLANGE BASTOS DE ARAUJO                RUA EXPEDICIONARIO SIMAO FERNANDES N 185COLUBANDE - 24451700SAO GONCALO    RJUNIAO UMB DOS CULTOS AFRO BRAS    10041810 000024
10231987175000168916200163100    000014095                    000140950000000000000109                     I0114095     10041800000000350003410000017N270218104700000000000101004180000000000000000000000000000000000000000100069222118715MARIA LUCIA DOS SANTOS FERREIR          RUA FLORIANO PINHEIRO DE CAMPOS N 2     GUARATIBA   21660230RIO DE JANEIRO RJUNIAO UMB DOS CULTOS AFRO BRAS    10041810 000025
10231987175000168916200163100    000014094                    000140940000000000000109                     I0114094     10041800000000350003410000017N270218104700000000000101004180000000000000000000000000000000000000000100086990810734ROGY CARLOS OLIVEIRA MELLO              RUA: BORDA DO MATO Nº 433              GRAJAU - RIO20561200RIO DE JANEIRO RJUNIAO UMB DOS CULTOS AFRO BRAS    10041810 000026
10231987175000168916200163100    000014093                    000140930000000000000109                     I0114093     10041800000000350003410000017N270218104700000000000101004180000000000000000000000000000000000000000100061185841768ELIZABETH CATARINA DE JESUS             RUA ALMIRANTE INGRA, 700                BRAS DE PINA21210170RIO DE JANEIRO RJUNIAO UMB DOS CULTOS AFRO BRAS    10041810 000027
10231987175000168916200163100    000014092                    000140920000000000000109                     I0114092     10041800000000350003410000017N270218104700000000000101004180000000000000000000000000000000000000000100082396841734LUCIA DE FATIMA DE SOUZA                RUA: RESPLANDECER                       PARAISO     26297159NOVA IGUACU    RJUNIAO UMB DOS CULTOS AFRO BRAS    10041810 000028
10231987175000168916200163100    000014091                    000140910000000000000109                     I0114091     10041800000000350003410000017N270218104700000000000101004180000000000000000000000000000000000000000100007742829754CARLOS ANDERSON DA SILVA DIAS           RUA COSMORAMA, 700 COMPL. CAMELIA 120   MESQUITA - R26582020RIO DE JANEIRO RJUNIAO UMB DOS CULTOS AFRO BRAS    10041810 000029
10231987175000168916200163100    000014090                    000140900000000000000109                     I0114090     05031800000000105003410000017N270218104700000000000100503180000000000000000000000000000000000000000100008401319765ANDRE FERREIRA DE PAULA                 RUA AMERICO ROCHA N 1095 APT 201        MARECHAL HER21555300RIO DE JANEIRO RJUNIAO UMB DOS CULTOS AFRO BRAS    05031810 000030
10231987175000168916200163100    000014089                    000140890000000000000109                     I0114089     30051800000000035003410000017N270218104700000000000103005180000000000000000000000000000000000000000100007726251743ROSANGELA IZAURINA DOS SANTOS           RUA ENEIAS N 60                         LAGOINHA - N26296552NOVA IGUACU    RJUNIAO UMB DOS CULTOS AFRO BRAS    30051810 000031
10231987175000168916200163100    000014088                    000140880000000000000109                     I0114088     30041800000000035003410000017N270218104700000000000103004180000000000000000000000000000000000000000100007726251743ROSANGELA IZAURINA DOS SANTOS           RUA ENEIAS N 60                         LAGOINHA - N26296552NOVA IGUACU    RJUNIAO UMB DOS CULTOS AFRO BRAS    30041810 000032
10231987175000168916200163100    000014087                    000140870000000000000109                     I0114087     30031800000000035003410000017N270218104700000000000103003180000000000000000000000000000000000000000100007726251743ROSANGELA IZAURINA DOS SANTOS           RUA ENEIAS N 60                         LAGOINHA - N26296552NOVA IGUACU    RJUNIAO UMB DOS CULTOS AFRO BRAS    30031810 000033
10231987175000168916200163100    000014086                    000140860000000000000109                     I0114086     30051800000000035003410000017N270218104700000000000103005180000000000000000000000000000000000000000100012781404764RICARDO RIBEIRO DOS SANTOS              RUA MARIA FRANCISCA,16 B                CENTRO - CAM23050030RIO DE JANEIRO RJUNIAO UMB DOS CULTOS AFRO BRAS    30051810 000034
10231987175000168916200163100    000014085                    000140850000000000000109                     I0114085     30041800000000035003410000017N270218104700000000000103004180000000000000000000000000000000000000000100012781404764RICARDO RIBEIRO DOS SANTOS              RUA MARIA FRANCISCA,16 B                CENTRO - CAM23050030RIO DE JANEIRO RJUNIAO UMB DOS CULTOS AFRO BRAS    30041810 000035
10231987175000168916200163100    000014084                    000140840000000000000109                     I0114084     30031800000000035003410000017N270218104700000000000103003180000000000000000000000000000000000000000100012781404764RICARDO RIBEIRO DOS SANTOS              RUA MARIA FRANCISCA,16 B                CENTRO - CAM23050030RIO DE JANEIRO RJUNIAO UMB DOS CULTOS AFRO BRAS    30031810 000036
10231987175000168916200163100    000014083                    000140830000000000000109                     I0114083     30051800000000040003410000017N270218104700000000000103005180000000000000000000000000000000000000000100085759600753VERALUCIA DE SOUZA                      RUA NELCINA, 3 CASA 8                   JACAREPAGUA 22753043RIO DE JANEIRO RJUNIAO UMB DOS CULTOS AFRO BRAS    30051810 000037
10231987175000168916200163100    000014082                    000140820000000000000109                     I0114082     30041800000000040003410000017N270218104700000000000103004180000000000000000000000000000000000000000100085759600753VERALUCIA DE SOUZA                      RUA NELCINA, 3 CASA 8                   JACAREPAGUA 22753043RIO DE JANEIRO RJUNIAO UMB DOS CULTOS AFRO BRAS    30041810 000038
10231987175000168916200163100    000014081                    000140810000000000000109                     I0114081     30031800000000040003410000017N270218104700000000000103003180000000000000000000000000000000000000000100085759600753VERALUCIA DE SOUZA                      RUA NELCINA, 3 CASA 8                   JACAREPAGUA 22753043RIO DE JANEIRO RJUNIAO UMB DOS CULTOS AFRO BRAS    30031810 000039
10231987175000168916200163100    000014080                    000140800000000000000109                     I0114080     30051800000000035003410000017N270218104700000000000103005180000000000000000000000000000000000000000100049660632720MARINETE SANTOS DE OLIVEIRA             AVENIDA SANTA CRUZ                      SENADOR CAMA23010003RIO DE JANEIRO RJUNIAO UMB DOS CULTOS AFRO BRAS    30051810 000040
10231987175000168916200163100    000014079                    000140790000000000000109                     I0114079     30041800000000035003410000017N270218104700000000000103004180000000000000000000000000000000000000000100049660632720MARINETE SANTOS DE OLIVEIRA             AVENIDA SANTA CRUZ                      SENADOR CAMA23010003RIO DE JANEIRO RJUNIAO UMB DOS CULTOS AFRO BRAS    30041810 000041
10231987175000168916200163100    000014078                    000140780000000000000109                     I0114078     30031800000000035003410000017N270218104700000000000103003180000000000000000000000000000000000000000100049660632720MARINETE SANTOS DE OLIVEIRA             AVENIDA SANTA CRUZ                      SENADOR CAMA23010003RIO DE JANEIRO RJUNIAO UMB DOS CULTOS AFRO BRAS    30031810 000042
10231987175000168916200163100    000014077                    000140770000000000000109                     I0114077     15031800000000350003410000017N270218104700000000000101503180000000000000000000000000000000000000000100004826958706CRISTIANE RABELLO PAZ                   RUA ROBERTO SILVA N 540                 RAMOS - RIO 21060230RIO DE JANEIRO RJUNIAO UMB DOS CULTOS AFRO BRAS    15031810 000043
9                                                                                                                                                                                                                                                                                                                                                                                                         000044
