01REMESSA01COBRANCA       817800093673        União Umb dos Cultos Afro Bra341BANCO ITAU SA  130219                                                                                                                                                                                                                                                                                                      000001
10231987175000168817800093673    000039789                    000397890000000000000109                     I0139789     20021900000000040003410000017N130219104700000000000102002190000000000000000000000000000000000000000100085148610778JACQUELINE MARQUES BARBOSA              RUA: JUSTINA BULHOESN 37, APTº 1104    INGA        24210455RIO DE JANEIRO RJUNIAO UMB DOS CULTOS AFRO BRAS    20021910 000002
10231987175000168817800093673    000039788                    000397880000000000000109                     I0139788     29031900000000040003410000017N130219104700000000000102903190000000000000000000000000000000000000000100081733577734JOSE CARLOS DE ORNELAS SOARES           RUA PROJETADAN 20, CASA 1               LARGO MACHAD28770000SANTA MARIA MADRJUNIAO UMB DOS CULTOS AFRO BRAS    29031910 000003
10231987175000168817800093673    000039787                    000397870000000000000109                     I0139787     29031900000000040003410000017N130219104700000000000102903190000000000000000000000000000000000000000100064671208768LEIDIMAR DE LIMA EZEQUIEL               RUA TURMALINASN 50, LOTE 12 CASA 50     COELHO DA RO25550551SAO JOAO DE MERRJUNIAO UMB DOS CULTOS AFRO BRAS    29031910 000004
10231987175000168817800093673    000039786                    000397860000000000000109                     I0139786     28021900000000040003410000017N130219104700000000000102802190000000000000000000000000000000000000000100002664636731ANA LUCIA GATTO                         RUA: DAS ESMERALDASN 0, LOTE 14 QUADRA 1JARDIM CATAR24715602SAO GONCALO    RJUNIAO UMB DOS CULTOS AFRO BRAS    28021910 000005
10231987175000168817800093673    000039785                    000397850000000000000109                     I0139785     05031900000000200003410000017N130219104700000000000100503190000000000000000000000000000000000000000100090693981768INALDO MANOEL DOS SANTOS                RUA LUCIO ALVESN 450,  BLOCO 13 APT° 10BANGU       21863430RIO DE JANEIRO RJUNIAO UMB DOS CULTOS AFRO BRAS    05031910 000006
10231987175000168817800093673    000039775                    000397750000000000000109                     I0239775     28021900000000010003410000017N120219104700000000000102802190000000000000000000000000000000000000000231987175000168UNIAO UMBANDISTA DOS CULTOS AF          AVENIDA MINISTRO EDGARD ROMERON 81, SALAMADUREIRA   21350901RIO DE JANEIRO RJUNIAO UMB DOS CULTOS AFRO BRAS    28021910 000007
10231987175000168817800093673    000036125                    000361250000000000000109                     I0236125     28021900000000040003410000017N261218104700000000000102802190000000000000000000000000000000000000000100064949559753CREUZA LEAL COIMBRA                     AVENIDA CORONEL RAIMUNDO SAMPAIO N 167, JARDIM BOTAN25570393SAO JOAO DE MERRJUNIAO UMB DOS CULTOS AFRO BRAS    28021910 000008
10231987175000168817800093673    000034513                    000345130000000000000109                     I0234513     31011900000000040003410000017N261218104700000000000103101190000000000000000000000000000000000000000100085148610778JACQUELINE MARQUES BARBOSA              RUA: JUSTINA BULHOESN 37, APTº 1104    INGA        24210455RIO DE JANEIRO RJUNIAO UMB DOS CULTOS AFRO BRAS    31011910 000009
10231987175000168817800093673    000034217                    000342170000000000000109                     I0234217     31011900000000040003410000017N261218104700000000000103101190000000000000000000000000000000000000000100064949559753CREUZA LEAL COIMBRA                     AVENIDA CORONEL RAIMUNDO SAMPAIO N 167, JARDIM BOTAN25570393SAO JOAO DE MERRJUNIAO UMB DOS CULTOS AFRO BRAS    31011910 000010
10231987175000168817800093673    000031386                    000313860000000000000109                     I0231386     20121800000000350003410000017N291018104700000000000102012180000000000000000000000000000000000000000100064949559753CREUZA LEAL COIMBRA                     AVENIDA CORONEL RAIMUNDO SAMPAIO N 167, JARDIM BOTAN25570393SAO JOAO DE MERRJUNIAO UMB DOS CULTOS AFRO BRAS    20121810 000011
9                                                                                                                                                                                                                                                                                                                                                                                                         000012
