01REMESSA01COBRANCA       817800093673        União Umb dos Cultos Afro Bra341BANCO ITAU SA  190118                                                                                                                                                                                                                                                                                                      000001
10231987175000168817800093673    00006352                     000063520000000000000109                     I016352      28021800000000035003410000017N271217104700000000000102802180000000000000000000000000000000000000000100007742829754CARLOS ANDERSON DA SILVA DIAS           RUA COSMORAMA, 700 COMPL. CAMELIA 120   MESQUITA - R26582020RIO DE JANEIRO RJUNIAO UMB DOS CULTOS AFRO BRAS    28021810 000002
10231987175000168817800093673    00006351                     000063510000000000000109                     I016351      28021800000000035003410000017N271217104700000000000102802180000000000000000000000000000000000000000100007544975770WILLIAMS COSTA SOARES                   O MESMO                                 O MESMO     26261150NOVA IGUACU    RJUNIAO UMB DOS CULTOS AFRO BRAS    28021810 000003
10231987175000168817800093673    00006350                     000063500000000000000109                     I016350      28021800000000035003410000017N271217104700000000000102802180000000000000000000000000000000000000000100003666096700MARIA DOS SANTOS MACHADO                RUA JOAO RAIMUNDO, QUADRA 3 LOTE 13     VILA SANTO A25041400DUQUE DE CAXIASRJUNIAO UMB DOS CULTOS AFRO BRAS    28021810 000004
10231987175000168817800093673    00006349                     000063490000000000000109                     I016349      28021800000000035003410000017N271217104700000000000102802180000000000000000000000000000000000000000100007359102782MARIA GORETE DA CONCEICAO               RUA: CINTIA Nº 343 - JARDIM CANAA      NOVA IGUACU 26262070NOVA IGUACU    RJUNIAO UMB DOS CULTOS AFRO BRAS    28021810 000005
10231987175000168817800093673    00006348                     000063480000000000000109                     I016348      28021800000000035003410000017N271217104700000000000102802180000000000000000000000000000000000000000100001149312750CLAUDIO SERGIO DE CASTRO                RUA: LAJAO Nº 279 - CENTRO / CONSELHEIRMINAS GERAIS35240000MINAS GERAIS   MGUNIAO UMB DOS CULTOS AFRO BRAS    28021810 000006
10231987175000168817800093673    00006347                     000063470000000000000109                     I016347      28021800000000035003410000017N271217104700000000000102802180000000000000000000000000000000000000000100002878076737TANIA NACARI AIRES GALVAO               RUA MORRO DAS FLORAS N 25 - CACUIA      CACUIA - ILH21930440ILHA DO GOVERNARJUNIAO UMB DOS CULTOS AFRO BRAS    28021810 000007
10231987175000168817800093673    00006346                     000063460000000000000109                     I016346      28021800000000035003410000017N271217104700000000000102802180000000000000000000000000000000000000000100003200716851CYNTHIA RITA HERTEL                     FRIBURGO LOTE 17 QUADRA 26 - SAMBAETIBA ITABORAI - R24842220ITABORAI       RJUNIAO UMB DOS CULTOS AFRO BRAS    28021810 000008
10231987175000168817800093673    00006345                     000063450000000000000109                     I016345      28021800000000035003410000017N271217104700000000000102802180000000000000000000000000000000000000000100005727808774RITA BORGES MOREIRA                     RUA: CIRILO DA SILVEIRA Nº 80 - RUA J LVILA VALQUEI21330735RIO DE JANEIRO RJUNIAO UMB DOS CULTOS AFRO BRAS    28021810 000009
10231987175000168817800093673    00006341                     000063410000000000000109                     I016341      28021800000000035003410000017N271217104700000000000102802180000000000000000000000000000000000000000100070891036768EDNA FERREIRA DE MELO                   RUA SARGENTO MARQUETI N 5               MARECHAL HER21611000RIO DE JANEIRO RJUNIAO UMB DOS CULTOS AFRO BRAS    28021810 000010
10231987175000168817800093673    00006339                     000063390000000000000109                     I016339      28021800000000035003410000017N271217104700000000000102802180000000000000000000000000000000000000000100003125944708ROGERIO GOMES DA SILVA                  RUA: DOUTOR BERNARDINO GOMES Nº 92     BANCARIOS - 21910130RIO DE JANEIRO RJUNIAO UMB DOS CULTOS AFRO BRAS    28021810 000011
10231987175000168817800093673    00006338                     000063380000000000000109                     I016338      28021800000000035003410000017N271217104700000000000102802180000000000000000000000000000000000000000100066334012720ROBERTO LUIZ POMBO DA SILVA             RUA BERNADINO RIBEIRO Nº 7             COSTA BARROS20250000RIO DE JANEIRO RJUNIAO UMB DOS CULTOS AFRO BRAS    28021810 000012
10231987175000168817800093673    00006337                     000063370000000000000109                     I016337      28021800000000035003410000017N271217104700000000000102802180000000000000000000000000000000000000000100040550699791ATHAYDE DE LEMOS                        RUA PROJETADA Nº 13                    JD MONTEIRO 23080000RIO DE JANEIRO RJUNIAO UMB DOS CULTOS AFRO BRAS    28021810 000013
10231987175000168817800093673    00006336                     000063360000000000000109                     I016336      28021800000000035003410000017N271217104700000000000102802180000000000000000000000000000000000000000100002541954743DENISE DIAS DE OLIVEIRA                 RUA: BERNARDINO DE CAMPOS               DUQUE DE CAX25035530DUQUE DE CAXIASRJUNIAO UMB DOS CULTOS AFRO BRAS    28021810 000014
10231987175000168817800093673    00006335                     000063350000000000000109                     I016335      28021800000000035003410000017N271217104700000000000102802180000000000000000000000000000000000000000100090682211753ELIZABETH VALENTIM                      AL: SEIS SN LT 38 QD 182 - CAMPO LINDO  SEROPEDICA -23845190RIO DE JANEIRO RJUNIAO UMB DOS CULTOS AFRO BRAS    28021810 000015
10231987175000168817800093673    00006003                     000060030000000000000109                     I026003      31011800000000035003410000017N261217104700000000000103101180000000000000000000000000000000000000000100060210389753ROZANA DOS SANTOS                       RUA MARANHAO N 1057 RUA B CASA 73       MEIER - RIO 23060720RIO DE JANEIRO RJUNIAO UMB DOS CULTOS AFRO BRAS    31011810 000016
10231987175000168817800093673    00005977                     000059770000000000000109                     I015977      31011800000000035003410000017N261217104700000000000103101180000000000000000000000000000000000000000100082191638791RITA DE CASSIA VALVERDE ROCHA           RUA JOAQUIM SOARES NETO N 250           NOVA AMERICA26021560NOVA IGUACU    RJUNIAO UMB DOS CULTOS AFRO BRAS    31011810 000017
10231987175000168817800093673    00005976                     000059760000000000000109                     I015976      31011800000000035003410000017N261217104700000000000103101180000000000000000000000000000000000000000100011590456742WANILA LIMA DE BRITO                    RUA REDENTOR LOTE 5 QUADRA 18 CASA 2 FUNJARDIM REDEN26110090BELFORD ROXO   RJUNIAO UMB DOS CULTOS AFRO BRAS    31011810 000018
10231987175000168817800093673    00005975                     000059750000000000000109                     I015975      31011800000000035003410000017N261217104700000000000103101180000000000000000000000000000000000000000100069052735700ROSANE MARQUES FERREIRA (MONAG          ESTRADA DO TINGUI N 2315 CASA 24        CAMPO GRANDE23075006RIO DE JANEIRO RJUNIAO UMB DOS CULTOS AFRO BRAS    31011810 000019
10231987175000168817800093673    00005974                     000059740000000000000109                     I015974      31011800000000035003410000017N261217104700000000000103101180000000000000000000000000000000000000000100004244337709WANDERSON SANTOS DA SILVA               AVENIDA DAS AMERICAS 15000              RECREIO DOS 22790330RIO DE JANEIRO RJUNIAO UMB DOS CULTOS AFRO BRAS    31011810 000020
10231987175000168817800093673    00005973                     000059730000000000000109                     I015973      31011800000000035003410000017N261217104700000000000103101180000000000000000000000000000000000000000100014520518792STEPHANI MATOS MONTEIRO                 ESTRADA DOUTOR PLINIO CASADO N 3599     CENTRO - BEL26130622BELFORD ROXO   RJUNIAO UMB DOS CULTOS AFRO BRAS    31011810 000021
10231987175000168817800093673    00005972                     000059720000000000000109                     I015972      31011800000000035003410000017N261217104700000000000103101180000000000000000000000000000000000000000100012727461780SUELMIR LIMA DE ARAUJO                  RUA NOSSA SENHORA DAS GRACAS N 98       PRAIA DO ANI25925708MAGE           RJUNIAO UMB DOS CULTOS AFRO BRAS    31011810 000022
10231987175000168817800093673    00005971                     000059710000000000000109                     I015971      31011800000000035003410000017N261217104700000000000103101180000000000000000000000000000000000000000100009653128795FERNANDO RIBEIRO DE SOUZA               RUA JOAO PEDRO TESCH N 332 D            ALTO DA SERR25635500PETROPOLIS     RJUNIAO UMB DOS CULTOS AFRO BRAS    31011810 000023
10231987175000168817800093673    00005970                     000059700000000000000109                     I015970      31011800000000035003410000017N261217104700000000000103101180000000000000000000000000000000000000000100002142304737ILAIR FERNANDES BRAZILEIRO BOR          RUA VERISSIMO MACHADO N 395 FUNDOS      ROCHA MIRAND21545060RIO DE JANEIRO RJUNIAO UMB DOS CULTOS AFRO BRAS    31011810 000024
10231987175000168817800093673    00005969                     000059690000000000000109                     I015969      31011800000000035003410000017N261217104700000000000103101180000000000000000000000000000000000000000100011351878786GLEISSON BITTENCOURT DA SILVA           RUA FLORA DE ARAUJO N 310               PRATA - NOVA26010570NOVA IGUACU    RJUNIAO UMB DOS CULTOS AFRO BRAS    31011810 000025
10231987175000168817800093673    00005968                     000059680000000000000109                     I015968      31011800000000035003410000017N261217104700000000000103101180000000000000000000000000000000000000000100000839586736MAURO CESAR BRANCO OBERLAENDER          RUA IGUARIM N 104 - REALENGO            REALENGO - R21765540RIO DE JANEIRO RJUNIAO UMB DOS CULTOS AFRO BRAS    31011810 000026
10231987175000168817800093673    00005967                     000059670000000000000109                     I015967      31011800000000035003410000017N261217104700000000000103101180000000000000000000000000000000000000000100045512256714ROGERIO ALVES GUIMARAES                 RUA TODOS OS SANTOS LOTE 17 QUADRA 20   IGUABINHA - 28970000ARARUAMA       RJUNIAO UMB DOS CULTOS AFRO BRAS    31011810 000027
10231987175000168817800093673    00005966                     000059660000000000000109                     I015966      31011800000000035003410000017N261217104700000000000103101180000000000000000000000000000000000000000100005225598757JOSUE DA SILVA SANTOS                   RUA BARAO DO AMAPA S/N LOTE 1 QUADRA 40 AMAPA - DUQU21211007DUQUE DE CAXIASRJUNIAO UMB DOS CULTOS AFRO BRAS    31011810 000028
10231987175000168817800093673    00005965                     000059650000000000000109                     I015965      31011800000000035003410000017N261217104700000000000103101180000000000000000000000000000000000000000100011766861784MARIA WANDERLEIA MARTINS CRUZ           RUA BRUNO LECINI N 375                  AUSTIN - NOV26279255NOVA IGUACU    RJUNIAO UMB DOS CULTOS AFRO BRAS    31011810 000029
10231987175000168817800093673    00005964                     000059640000000000000109                     I015964      31011800000000035003410000017N261217104700000000000103101180000000000000000000000000000000000000000100009503848792JORGE ALEXANDRE TEIXEIRA BRAZ           RUA CAJUIPE N 163 CASA 1                BONSUCESSO -21060490RIO DE JANEIRO RJUNIAO UMB DOS CULTOS AFRO BRAS    31011810 000030
10231987175000168817800093673    00005963                     000059630000000000000109                     I015963      31011800000000035003410000017N261217104700000000000103101180000000000000000000000000000000000000000100030894840720LIGIA REGINA ZACHARIAS DE MELO          RUA LAGO VERDE N 19 APT 302             INHAUMA - RI21051360RIO DE JANEIRO RJUNIAO UMB DOS CULTOS AFRO BRAS    31011810 000031
10231987175000168817800093673    00005962                     000059620000000000000109                     I015962      31011800000000035003410000017N261217104700000000000103101180000000000000000000000000000000000000000100007443282761WASHINGTON LUIZ DA SILVA RAMOS          RUA DEZESSETE N 78 - CONJUNTO LIBERDADE SANTA CRUZ -23560600RIO DE JANEIRO RJUNIAO UMB DOS CULTOS AFRO BRAS    31011810 000032
10231987175000168817800093673    00005961                     000059610000000000000109                     I015961      31011800000000035003410000017N261217104700000000000103101180000000000000000000000000000000000000000100007964006797JOSILENE MONTEIRO HERMOGENES            RUA PADRE MARINHO N 309                 SARACURUNA -25212450DUQUE DE CAXIASRJUNIAO UMB DOS CULTOS AFRO BRAS    31011810 000033
10231987175000168817800093673    00005960                     000059600000000000000109                     I015960      31011800000000035003410000017N261217104700000000000103101180000000000000000000000000000000000000000100010544644701RENATA DE OLIVEIRA SILVA                RUA NOSSA SENHORA DE NAZARE N 23 A      GERENCIANO -26061700NOVA IGUACU    RJUNIAO UMB DOS CULTOS AFRO BRAS    31011810 000034
10231987175000168817800093673    00005959                     000059590000000000000109                     I015959      31011800000000035003410000017N261217104700000000000103101180000000000000000000000000000000000000000100068373570772RONILCE CAMILO DA SILVA                 RUA RUBY ALBERTORIA N 2 - GERENCIANO    GERENCIANO -26061155NVOA IGUACU    RJUNIAO UMB DOS CULTOS AFRO BRAS    31011810 000035
10231987175000168817800093673    00005958                     000059580000000000000109                     I015958      31011800000000035003410000017N261217104700000000000103101180000000000000000000000000000000000000000100047442140700MARFIZA FERREIRA DA SILVA VENA          RUA EURICO COELHO N 50                  GRAMA - NOVA26060650NOVA IGUACU    RJUNIAO UMB DOS CULTOS AFRO BRAS    31011810 000036
10231987175000168817800093673    00005953                     000059530000000000000109                     I015953      31011800000000035003410000017N261217104700000000000103101180000000000000000000000000000000000000000100002375024702FATIMA APARECIDA OLIVEIRA DE C          RUA OURO PRETO QD 46 LT 21              COQUEIRAL  A20740280RIO DE JANEIRO RJUNIAO UMB DOS CULTOS AFRO BRAS    31011810 000037
10231987175000168817800093673    00005952                     000059520000000000000109                     I015952      31011800000000035003410000017N261217104700000000000103101180000000000000000000000000000000000000000100005828675761THAYS DE FATIMA FERREIRA GOMES          ESTRADA GENERAL AFONSO DE CARVALHO N 989PADRE MIGUEL21725020RIO DE JANEIRO RJUNIAO UMB DOS CULTOS AFRO BRAS    31011810 000038
10231987175000168817800093673    00005951                     000059510000000000000109                     I025951      31011800000000035003410000017N261217104700000000000103101180000000000000000000000000000000000000000100076994511715MARIA DAS GRACAS SANTOS DA SIL          RUA  ISLANDIA LT 7 QD 39  SARACURUNA    DUQUE DE CAX25211050DUQUE DE CAXIASRJUNIAO UMB DOS CULTOS AFRO BRAS    31011810 000039
10231987175000168817800093673    00005950                     000059500000000000000109                     I015950      31011800000000035003410000017N261217104700000000000103101180000000000000000000000000000000000000000100001317692780SELENE FREIRE DE ARAUJO CANNAN          RUA DA CONQUISTA N 442                  JARDIM ESPLA26013330NOVA IGUACU    RJUNIAO UMB DOS CULTOS AFRO BRAS    31011810 000040
10231987175000168817800093673    00005949                     000059490000000000000109                     I015949      31011800000000035003410000017N261217104700000000000103101180000000000000000000000000000000000000000100080578063700SANDRA REGINA NEVES CHAGAS              RUA MARIA LOURENCO N 12 CASA 2          JARDIM PRIMA25215367DUQUE DE CAXIASRJUNIAO UMB DOS CULTOS AFRO BRAS    31011810 000041
10231987175000168817800093673    00005928                     000059280000000000000109                     I015928      31011800000000035003410000017N261217104700000000000103101180000000000000000000000000000000000000000100000129467707SANDRA CRISTINA DOS SANTOS TIT          RUA DAVI SN BLOCO 3 APT 303             CIDADE DE DE22777243JACAREPAGUA    RJUNIAO UMB DOS CULTOS AFRO BRAS    31011810 000042
10231987175000168817800093673    00005927                     000059270000000000000109                     I015927      31011800000000035003410000017N261217104700000000000103101180000000000000000000000000000000000000000100008781471793LURDEUDALIA ARAUJO                      RUA MARIA LOROSA - VITORIA REGIS CASA 8 SANTA CRUZ -23525040RIO DE JANEIRO RJUNIAO UMB DOS CULTOS AFRO BRAS    31011810 000043
10231987175000168817800093673    00005926                     000059260000000000000109                     I015926      31011800000000035003410000017N261217104700000000000103101180000000000000000000000000000000000000000100005646881773DEBORA LINS                             RUA LACONIA N 89 CASA 3                 JARDIM AMAPA26182230BELFORD ROXO   RJUNIAO UMB DOS CULTOS AFRO BRAS    31011810 000044
10231987175000168817800093673    00005925                     000059250000000000000109                     I015925      31011800000000035003410000017N261217104700000000000103101180000000000000000000000000000000000000000100000076412733VALERIA RIBEIRO TEIXEIRA                RUA JIPIOCA N 135 CASA 1                CASCADURA - 21311250RIO DE JANEIRO RJUNIAO UMB DOS CULTOS AFRO BRAS    31011810 000045
10231987175000168817800093673    00005924                     000059240000000000000109                     I015924      31011800000000035003410000017N261217104700000000000103101180000000000000000000000000000000000000000100059110465715ZEILTON VIEIRA NUNES                    RUA JORNALISTA PAULO FRANCIS N 29 CASA 4RIO DAS OSTR28890000RIO DE JANEIRO RJUNIAO UMB DOS CULTOS AFRO BRAS    31011810 000046
9                                                                                                                                                                                                                                                                                                                                                                                                         000047
