01REMESSA01COBRANCA       916200163100        União Umb dos Cultos Afro Bra341BANCO ITAU SA  020618                                                                                                                                                                                                                                                                                                      000001
10231987175000168916200163100    000021129                    000211290000000000000109                     I0121129     05061800000000035003410000017N010618104700000000000100506180000000000000000000000000000000000000000100068648006791SANDRA MARTA GOMES DA COSTA             RUA LAGUNA, 678                         VILAR NOVO -26115620BELFORD ROXO   RJUNIAO UMB DOS CULTOS AFRO BRAS    05061810 000002
10231987175000168916200163100    000021128                    000211280000000000000109                     I0121128     15061800000000140003410000017N300518104700000000000101506180000000000000000000000000000000000000000200000000005639MANOELLA MARIA DA CONCEICAO             RUA PIRES DO RIO, 928                   EDEN - SAO J25540510SAO JOAO DE MERRJUNIAO UMB DOS CULTOS AFRO BRAS    15061810 000003
10231987175000168916200163100    000021127                    000211270000000000000109                     I0121127     05061800000000210003410000017N300518104700000000000100506180000000000000000000000000000000000000000100033104468753NILZA ALVES CHAROTTA                    RUA LAGUNA N° 83 - NOVA PIAN           CARTA COBR J04610003SAO PAULO      SPUNIAO UMB DOS CULTOS AFRO BRAS    05061810 000004
10231987175000168916200163100    000021126                    000211260000000000000109                     I0121126     08061800000000070003410000017N300518104700000000000100806180000000000000000000000000000000000000000100069279500791CLAUDIA ALONSO RODRIGUES                ESTRADA DO PAU FERRO N 851              FREGUESIA - 22745055RIO DE JANEIRO RJUNIAO UMB DOS CULTOS AFRO BRAS    08061810 000005
10231987175000168916200163100    000021125                    000211250000000000000109                     I0121125     05061800000000035003410000017N300518104700000000000100506180000000000000000000000000000000000000000100006915594736CINTIA FERREIRA                         AVENIDA: DAS AMERICAS                   BARRA DA TIJ22631004RIO DE JANEIRO RJUNIAO UMB DOS CULTOS AFRO BRAS    05061810 000006
10231987175000168916200163100    000021124                    000211240000000000000109                     I0121124     20061800000000420003410000017N300518104700000000000102006180000000000000000000000000000000000000000100007474273721CLARINDO DE MEDEIROS                    RUA SAO MARCOS, 145A                    VILAR DOS TE25561220SAO JOAO DE MERRJUNIAO UMB DOS CULTOS AFRO BRAS    20061810 000007
10231987175000168916200163100    000021123                    000211230000000000000109                     I0121123     10061800000000175003410000017N290518104700000000000101006180000000000000000000000000000000000000000100069833850715WALTER LIMA DE AVELLAR                  RUA SAO JOSE, S/N QUADRA 47 LOTE 19     ITAIPUACU - 24900000MARICA         RJUNIAO UMB DOS CULTOS AFRO BRAS    10061810 000008
10231987175000168916200163100    000021122                    000211220000000000000109                     I0121122     15061800000000350003410000017N290518104700000000000101506180000000000000000000000000000000000000000100002066794759MARCELO VIEIRA DA SILVA                 RUA SIMAS N 7 FUNDOS                    ENCANTADO - 20745030RIO DE JANEIRO RJUNIAO UMB DOS CULTOS AFRO BRAS    15061810 000009
10231987175000168916200163100    000021121                    000211210000000000000109                     I0121121     30051800000000035003410000017N290518104700000000000103005180000000000000000000000000000000000000000100010058913700RAMON DO NASCIMENTO MANES               RUA LIGIA, 329                          OLARIA - RJ 21073280RIO DE JANEIRO RJUNIAO UMB DOS CULTOS AFRO BRAS    30051810 000010
10231987175000168916200163100    000020228                    000202280000000000000109                     I3420228     30081800000000035003410000017N070518104700000000000103008180000000000000000000000000000000000000000100007469084746SILVIO GOMES BARBOSA                    RUA ALCIDES MAIA, 78 CASA 3             BENTO RIBEIR21550560RIO DE JANEIRO RJUNIAO UMB DOS CULTOS AFRO BRAS    30081810 000011
10231987175000168916200163100    000019769                    000197690000000000000109                     I0219769     30081800000000035003410000017N070518104700000000000103008180000000000000000000000000000000000000000100005721435755ALEX ARAUJO BRAGA                       RUA MARTE, 685 CASA 2                   MESQUITA - N26240290NOVA IGUACU    RJUNIAO UMB DOS CULTOS AFRO BRAS    30081810 000012
10231987175000168916200163100    000019590                    000195900000000000000109                     I0219590     30081800000000035003410000017N070518104700000000000103008180000000000000000000000000000000000000000100083441271734NAELSON MAGALHAES DE AVELLAR            RUA ONZE LOTE 1 CASA 1                  GUANDU L - S23560778SANTA CRUZ     RJUNIAO UMB DOS CULTOS AFRO BRAS    30081810 000013
10231987175000168916200163100    000018658                    000186580000000000000109                     I3418658     30071800000000035003410000017N070518104700000000000103007180000000000000000000000000000000000000000100007469084746SILVIO GOMES BARBOSA                    RUA ALCIDES MAIA, 78 CASA 3             BENTO RIBEIR21550560RIO DE JANEIRO RJUNIAO UMB DOS CULTOS AFRO BRAS    30071810 000014
10231987175000168916200163100    000018199                    000181990000000000000109                     I0218199     30071800000000035003410000017N070518104700000000000103007180000000000000000000000000000000000000000100005721435755ALEX ARAUJO BRAGA                       RUA MARTE, 685 CASA 2                   MESQUITA - N26240290NOVA IGUACU    RJUNIAO UMB DOS CULTOS AFRO BRAS    30071810 000015
10231987175000168916200163100    000018020                    000180200000000000000109                     I0218020     30071800000000035003410000017N070518104700000000000103007180000000000000000000000000000000000000000100083441271734NAELSON MAGALHAES DE AVELLAR            RUA ONZE LOTE 1 CASA 1                  GUANDU L - S23560778SANTA CRUZ     RJUNIAO UMB DOS CULTOS AFRO BRAS    30071810 000016
10231987175000168916200163100    000015753                    000157530000000000000109                     I3415753     30061800000000035003410000017N070518104700000000000103006180000000000000000000000000000000000000000100040433307749IARA BARBOSA MACHADO                    RUA SAO FIDELIS SN LOTE 16 QUADRA 25    PRADOS VERDE26299165NOVA IGUACU    RJUNIAO UMB DOS CULTOS AFRO BRAS    30061810 000017
10231987175000168916200163100    000015736                    000157360000000000000109                     I3415736     30061800000000035003410000017N070518104700000000000103006180000000000000000000000000000000000000000100089497899734UGO SILVA FILHO                         RUA CADETE ULISSES VEIGA N 22           SAO CRISTOVA20940240RIO DE JANEIRO RJUNIAO UMB DOS CULTOS AFRO BRAS    30061810 000018
10231987175000168916200163100    000015468                    000154680000000000000109                     I3415468     30061800000000035003410000017N070518104700000000000103006180000000000000000000000000000000000000000100007469084746SILVIO GOMES BARBOSA                    RUA ALCIDES MAIA, 78 CASA 3             BENTO RIBEIR21550560RIO DE JANEIRO RJUNIAO UMB DOS CULTOS AFRO BRAS    30061810 000019
10231987175000168916200163100    000015364                    000153640000000000000109                     I3415364     30061800000000035003410000017N070518104700000000000103006180000000000000000000000000000000000000000100009263590702JEAN CARLOS DOS SANTOS                  RUA NEVES LOTE 8 QUADRA 3               PARQUE ARARU25585580SAO JOAO DE MERRJUNIAO UMB DOS CULTOS AFRO BRAS    30061810 000020
10231987175000168916200163100    000015010                    000150100000000000000109                     I0215010     30061800000000035003410000017N070518104700000000000103006180000000000000000000000000000000000000000100005721435755ALEX ARAUJO BRAGA                       RUA MARTE, 685 CASA 2                   MESQUITA - N26240290NOVA IGUACU    RJUNIAO UMB DOS CULTOS AFRO BRAS    30061810 000021
10231987175000168916200163100    000014831                    000148310000000000000109                     I0214831     30061800000000035003410000017N070518104700000000000103006180000000000000000000000000000000000000000100083441271734NAELSON MAGALHAES DE AVELLAR            RUA ONZE LOTE 1 CASA 1                  GUANDU L - S23560778SANTA CRUZ     RJUNIAO UMB DOS CULTOS AFRO BRAS    30061810 000022
10231987175000168916200163100    000014672                    000146720000000000000109                     I3414672     30061800000000035003410000017N070518104700000000000103006180000000000000000000000000000000000000000100009886046716ANA CRISTINA DE ALMEIDA TRINDA          O MESMO                                 O MESMO     21555020RIO DE JANEIRO RJUNIAO UMB DOS CULTOS AFRO BRAS    30061810 000023
10231987175000168916200163100    000014569                    000145690000000000000109                     I3414569     30061800000000035003410000017N070518104700000000000103006180000000000000000000000000000000000000000100075300931772ALTAIR DE SOUZA COSTA                   RUA SETE DE SETEMBRO, LOTE 15 QUADRA 7 -CABUCU - NOV26293486NOVA IGUACU    RJUNIAO UMB DOS CULTOS AFRO BRAS    30061810 000024
10231987175000168916200163100    00009067                     000090670000000000000109                     I349067      28021800000000035003410000017N250118104700000000000102802180000000000000000000000000000000000000000100060407875700KATIA DE AZEVEDO FURTADO                RUA SOUZA PITANGA, 82                   THOMAS COELH21381230RIO DE JANEIRO RJUNIAO UMB DOS CULTOS AFRO BRAS    28021810 000025
10231987175000168916200163100    00008568                     000085680000000000000109                     I028568      31011800000000035003410000017N020118104700000000000103101180000000000000000000000000000000000000000100083441271734NAELSON MAGALHAES DE AVELLAR            RUA ONZE LOTE 1 CASA 1                  GUANDU L - S23560778SANTA CRUZ     RJUNIAO UMB DOS CULTOS AFRO BRAS    31011810 000026
10231987175000168916200163100    00003223                     000032230000000000000109                     I023223      23021800000000350003410000017N171117104700000000000102302180000000000000000000000000000000000000000100004245577703FERNANDA MEDEIROS VIANA                 RUA TOROPI  LOTE 7 QUADRA 29 FUNDOS     HELIOPOLIS  26123380BELFORD ROXO   RJUNIAO UMB DOS CULTOS AFRO BRAS    23021810 000027
10231987175000168916200163100    00002811                     000028110000000000000109                     I022811      31121700000000035003410000017N131117104700000000000103112170000000000000000000000000000000000000000100003350774717ROGERIO SILVA DE SOUZA                  RUA TACARATU, 118                       ROCHA MIRAND21555010RIO DE JANEIRO RJUNIAO UMB DOS CULTOS AFRO BRAS    31121710 000028
10231987175000168916200163100    00002462                     000024620000000000000109                     I342462      31121700000000035003410000017N131117104700000000000103112170000000000000000000000000000000000000000100097129461772ROSINEIDE BARBOSA DA SILVA              RUA: ADILSON FERREIRA LOTE 10 - VILA MAGPIABETA - MA24210205MAGE           RJUNIAO UMB DOS CULTOS AFRO BRAS    31121710 000029
10231987175000168916200163100    00002452                     000024520000000000000109                     I022452      31121700000000035003410000017N131117104700000000000103112170000000000000000000000000000000000000000100006927798705ROSA MARIA RICARDO PINTO                RUA JOAQUIM BESSA, 148 / RUA DOIS, 169  TRINDADE - S24210205SAO GONCALO    RJUNIAO UMB DOS CULTOS AFRO BRAS    31121710 000030
10231987175000168916200163100    00002280                     000022800000000000000109                     I342280      31121700000000035003410000017N131117104700000000000103112170000000000000000000000000000000000000000100063761092768JANET BATISTA DA CONCEICAO              RUA SERRA VELHA, 41                     RAIZ DA SERR25935000MAGE           RJUNIAO UMB DOS CULTOS AFRO BRAS    31121710 000031
10231987175000168916200163100    00002207                     000022070000000000000109                     I022207      31121700000000035003410000017N131117104700000000000103112170000000000000000000000000000000000000000100093473095753ALEXANDER NUNES PICANCO                 RUA REGISTRO, 315                       SENADOR CAMA21832270RIO DE JANEIRO RJUNIAO UMB DOS CULTOS AFRO BRAS    31121710 000032
9                                                                                                                                                                                                                                                                                                                                                                                                         000033
