01REMESSA01COBRANCA       916200163100        União Umb dos Cultos Afro Bra341BANCO ITAU SA  040118                                                                                                                                                                                                                                                                                                      000001
10231987175000168916200163100    00008612                     000086120000000000000109                     I018612      31011800000000035003410000017N020118050900000000000103101180000000000000000000000000000000000000000100099272946700MARCOS ANTONIO DA SILVA                 RUA PIACAVA N 100                       VILA MARILIA26040210NOVA IGUACU    RJUNIAO UMB DOS CULTOS AFRO BRAS    31011810 000002
10231987175000168916200163100    00008610                     000086100000000000000109                     I018610      31011800000000035003410000017N020118050900000000000103101180000000000000000000000000000000000000000100007485965778GRACIETE LEAO TANGUA                    RUA ROBERTO RANGEL LIMA LOTE 16 QUADRA GMAURI - PIAB25915000MAGE           RJUNIAO UMB DOS CULTOS AFRO BRAS    31011810 000003
10231987175000168916200163100    00008608                     000086080000000000000109                     I018608      31011800000000035003410000017N020118050900000000000103101180000000000000000000000000000000000000000100001153058740ALEXANDRE DE ALMEIDA ESPINDOLA          ESTRADA DO CAMBOATA N 2966 - N 7 QUADRA GUADALUPE - 21660000RIO DE JANEIRO RJUNIAO UMB DOS CULTOS AFRO BRAS    31011810 000004
10231987175000168916200163100    00008606                     000086060000000000000109                     I018606      31011800000000035003410000017N020118050900000000000103101180000000000000000000000000000000000000000100002978000783FABIO PINTO MANTUANO                    LAURA MARIA PINTO MANTUANO - MAE        CARTA ANISTI24900000MARICA         RJUNIAO UMB DOS CULTOS AFRO BRAS    31011810 000005
10231987175000168916200163100    00008603                     000086030000000000000109                     I018603      31011800000000035003410000017N020118050900000000000103101180000000000000000000000000000000000000000100003316779701WALLACE SILVA SOARES                    RUA QUINZE DE NOVEMBRO LOTE 2 QUADRA N CSARACURUNA -25212690DUQUE DE CAXIASRJUNIAO UMB DOS CULTOS AFRO BRAS    31011810 000006
10231987175000168916200163100    00008602                     000086020000000000000109                     I018602      31011800000000035003410000017N020118050900000000000103101180000000000000000000000000000000000000000100027686205720DENNIS CLARE                            RUA: RATICLIFF                          RIACHUELO   20950170RIO DE JANEIRO RJUNIAO UMB DOS CULTOS AFRO BRAS    31011810 000007
10231987175000168916200163100    00008601                     000086010000000000000109                     I018601      31011800000000035003410000017N020118050900000000000103101180000000000000000000000000000000000000000100085624250797HELBA SALLES DE SOUZA                   RUA VITORIA N 16 QUADRA N LOTE 8        LAGOINHA - N26296447NOVA IGUACU    RJUNIAO UMB DOS CULTOS AFRO BRAS    31011810 000008
10231987175000168916200163100    00008596                     000085960000000000000109                     I018596      31011800000000035003410000017N020118050900000000000103101180000000000000000000000000000000000000000100034663240763GUARACI FRANCISCO RIBEIRO               RUA: ASTRAL Nº 63 - ROSA DOS VENTOS    NOVA IGUACU 26276070NOVA IGUACU    RJUNIAO UMB DOS CULTOS AFRO BRAS    31011810 000009
10231987175000168916200163100    00008594                     000085940000000000000109                     I018594      31011800000000035003410000017N020118050900000000000103101180000000000000000000000000000000000000000100041280784768LUCIENE RIBEIRO EVA                     RUA: A LOTE 37 QUADRA 16                JARDIM ANHAN25264580DUQUE DE CAXIASRJUNIAO UMB DOS CULTOS AFRO BRAS    31011810 000010
9                                                                                                                                                                                                                                                                                                                                                                                                         000011
