01REMESSA01COBRANCA       916200163100        União Umb dos Cultos Afro Bra341BANCO ITAU SA  020418                                                                                                                                                                                                                                                                                                      000001
10231987175000168916200163100    000014129                    000141290000000000000109                     I0214129     10031800000000595083410000017N280218104700000000000101003180000000000000000000000000000000000000000100078566738772MARINA SOARES DA SILVA                  RUA: JOAO DANIEL                        BENTO RIBEIR21550480RIO DE JANEIRO RJUNIAO UMB DOS CULTOS AFRO BRAS    10031810 000002
10231987175000168916200163100    000014116                    000141160000000000000109                     I3414116     10041800000000350003410000017N270218104700000000000101004180000000000000000000000000000000000000000100039655172791JOSE CARLOS COSTA                       RUA HERTA, 25 - PRAIA DO IMPERADOR      MAUA - MAGE/25900000MAGE           RJUNIAO UMB DOS CULTOS AFRO BRAS    10041810 000003
10231987175000168916200163100    000014096                    000140960000000000000109                     I0214096     10041800000000350003410000017N270218104700000000000101004180000000000000000000000000000000000000000100078251329749SOLANGE BASTOS DE ARAUJO                RUA EXPEDICIONARIO SIMAO FERNANDES N 185COLUBANDE - 24451700SAO GONCALO    RJUNIAO UMB DOS CULTOS AFRO BRAS    10041810 000004
10231987175000168916200163100    000014031                    000140310000000000000109                     I0214031     30051800000000035003410000017N260218104700000000000103005180000000000000000000000000000000000000000100077301323700CID MOREIRA DE SOUZA                    RUA PROFESSOR MAURITI SANTOS, 399       SANTA TERESA22241240RIO DE JANEIRO RJUNIAO UMB DOS CULTOS AFRO BRAS    30051810 000005
10231987175000168916200163100    000014030                    000140300000000000000109                     I0214030     30041800000000035003410000017N260218104700000000000103004180000000000000000000000000000000000000000100077301323700CID MOREIRA DE SOUZA                    RUA PROFESSOR MAURITI SANTOS, 399       SANTA TERESA22241240RIO DE JANEIRO RJUNIAO UMB DOS CULTOS AFRO BRAS    30041810 000006
10231987175000168916200163100    000014029                    000140290000000000000109                     I0214029     30031800000000035003410000017N260218104700000000000103003180000000000000000000000000000000000000000100077301323700CID MOREIRA DE SOUZA                    RUA PROFESSOR MAURITI SANTOS, 399       SANTA TERESA22241240RIO DE JANEIRO RJUNIAO UMB DOS CULTOS AFRO BRAS    30031810 000007
10231987175000168916200163100    000013985                    000139850000000000000109                     I0213985     30051800000000035003410000017N220218104700000000000103005180000000000000000000000000000000000000000100055199801791NAIR JACINTO DE SOUZA                   ESTRADA DOS BANDEIRANTES, 7276 LOTE 3 BLCURICICA - R22780085RIO DE JANEIRO RJUNIAO UMB DOS CULTOS AFRO BRAS    30051810 000008
10231987175000168916200163100    000013984                    000139840000000000000109                     I0213984     30041800000000035003410000017N220218104700000000000103004180000000000000000000000000000000000000000100055199801791NAIR JACINTO DE SOUZA                   ESTRADA DOS BANDEIRANTES, 7276 LOTE 3 BLCURICICA - R22780085RIO DE JANEIRO RJUNIAO UMB DOS CULTOS AFRO BRAS    30041810 000009
10231987175000168916200163100    000013983                    000139830000000000000109                     I0213983     30031800000000035003410000017N220218104700000000000103003180000000000000000000000000000000000000000100055199801791NAIR JACINTO DE SOUZA                   ESTRADA DOS BANDEIRANTES, 7276 LOTE 3 BLCURICICA - R22780085RIO DE JANEIRO RJUNIAO UMB DOS CULTOS AFRO BRAS    30031810 000010
10231987175000168916200163100    000013950                    000139500000000000000109                     I0213950     30031800000000070003410000017N210218104700000000000103003180000000000000000000000000000000000000000100000467099758KLEBER FARNESI CONTE                    AVENIDA IRMAOS GUINLE, 254              INCONFIDENCI26323130QUEIMADOS      RJUNIAO UMB DOS CULTOS AFRO BRAS    30031810 000011
10231987175000168916200163100    00008902                     000089020000000000000109                     I028902      31011800000000035003410000017N020118104700000000000103101180000000000000000000000000000000000000000100015675954724ALDREN LUCAS GOMES FERREIRA             RUA CARIOCA N 18                        PAU GRANDE -25900000MAGE           RJUNIAO UMB DOS CULTOS AFRO BRAS    31011810 000012
10231987175000168916200163100    00008627                     000086270000000000000109                     I028627      31011800000000035003410000017N020118104700000000000103101180000000000000000000000000000000000000000100036352624715DEYSE LUZIA DE FREITA BRITTO            RUA DOIS LOTE 13 QUADRA 15 - CHACARAS DEINOA - MARIC24900000INOA - MARICA  RJUNIAO UMB DOS CULTOS AFRO BRAS    31011810 000013
10231987175000168916200163100    00004608                     000046080000000000000109                     I024608      22121700000000350003410000017N171117104700000000000102212170000000000000000000000000000000000000000100043895255734LUIZ ANTONIO GUEDES ALVES               RUA ANANY CHARLES VIEIRA N 40           JARDIM GUAPI25943383GUAPIMIRIM     RJUNIAO UMB DOS CULTOS AFRO BRAS    22121710 000014
10231987175000168916200163100    00004478                     000044780000000000000109                     I024478      22121700000000350003410000017N171117104700000000000102212170000000000000000000000000000000000000000100043377483772FERNANDO HOLMES BURCHTEIN               RUA ALBANO N 902                        MAUA - MAGE 25926492MAGE           RJUNIAO UMB DOS CULTOS AFRO BRAS    22121710 000015
10231987175000168916200163100    00004471                     000044710000000000000109                     I024471      22121700000000350003410000017N171117104700000000000102212170000000000000000000000000000000000000000100058101543791JANETE BARBOSA FERREIRA                 O MESMO                                 O MESMO     26127380BELFORD ROXO   RJUNIAO UMB DOS CULTOS AFRO BRAS    22121710 000016
10231987175000168916200163100    00004469                     000044690000000000000109                     I024469      22121700000000350003410000017N171117104700000000000102212170000000000000000000000000000000000000000100003025076712MARIA QUITERIA DOS SANTOS PITA          RUA MISSIONARIO CHRISTIE N 43 B         QUISSAMA - P25615250PETROPOLIS     RJUNIAO UMB DOS CULTOS AFRO BRAS    22121710 000017
10231987175000168916200163100    00004352                     000043520000000000000109                     I024352      22121700000000350003410000017N171117104700000000000102212170000000000000000000000000000000000000000100008714370743NEUZELI SIMOES CARVALHO DE SOU          RUA ENGENHEIRO HENRIQUE LUSSACK N 926   EDSON PASSOS26553500MESQUITA       RJUNIAO UMB DOS CULTOS AFRO BRAS    22121710 000018
10231987175000168916200163100    00004216                     000042160000000000000109                     I024216      22121700000000350003410000017N171117104700000000000102212170000000000000000000000000000000000000000100080196853753SONIA REGINA MACHADO DE SOUZA           RUA PALMIRO ALVES, 124                  BANGU - RIO 21825100RIO DE JANEIRO RJUNIAO UMB DOS CULTOS AFRO BRAS    22121710 000019
10231987175000168916200163100    00004214                     000042140000000000000109                     I024214      22121700000000350003410000017N171117104700000000000102212170000000000000000000000000000000000000000100093265042715CARMEN MESQUITA CAMILLO DA SIL          RUA RAUL PEDERNEIRAS, 261               BANGU - RIO 21860210RIO DE JANEIRO RJUNIAO UMB DOS CULTOS AFRO BRAS    22121710 000020
10231987175000168916200163100    00004213                     000042130000000000000109                     I024213      22121700000000350003410000017N171117104700000000000102212170000000000000000000000000000000000000000100049630903768ADELSON MARIANO PEREIRA                 ESTRADA SAO DOMINGOS SAVIO, 868 RUA C LOSANTA CRUZ -23525033RIO DE JANEIRO RJUNIAO UMB DOS CULTOS AFRO BRAS    22121710 000021
10231987175000168916200163100    00004193                     000041930000000000000109                     I024193      22121700000000350003410000017N171117104700000000000102212170000000000000000000000000000000000000000100063629852734ZULEICA JANINA BOMFIM AMARAL            RUA DA CAPELA, 744                      ESTACIO - RI20250051RIO DE JANEIRO RJUNIAO UMB DOS CULTOS AFRO BRAS    22121710 000022
10231987175000168916200163100    00003960                     000039600000000000000109                     I023960      22121700000000350003410000017N171117104700000000000102212170000000000000000000000000000000000000000100073431850715SIDNEY MEGE                             RUA: GENERAL CORREIA DO LAGO Nº 426    HONORIO GURG21511320RIO DE JANEIRO RJUNIAO UMB DOS CULTOS AFRO BRAS    22121710 000023
10231987175000168916200163100    00003959                     000039590000000000000109                     I023959      22121700000000350003410000017N171117104700000000000102212170000000000000000000000000000000000000000100002868269761ISLAND LUIZA DE ALMEIDA SIMOES          RUA: BACOPA Nº 19 CASA 3 - BENTO RIBEIRRIO DE JANEI21331140RIO DE JANEIRO RJUNIAO UMB DOS CULTOS AFRO BRAS    22121710 000024
10231987175000168916200163100    00003958                     000039580000000000000109                     I023958      22121700000000350003410000017N171117104700000000000102212170000000000000000000000000000000000000000100002154760775JOSEFA SANTANA DA SILVA                 RUA: CACHOEIRA ALTA QUADRA 105 LOTE 19 -GUARATIBA - 23031070RIO DE JANEIRO RJUNIAO UMB DOS CULTOS AFRO BRAS    22121710 000025
10231987175000168916200163100    00003840                     000038400000000000000109                     I023840      22121700000000350003410000017N171117104700000000000102212170000000000000000000000000000000000000000100011080748717ALVARO CHIANELLI DE AZEREDO             RUA ANDRE AZEVEDO, 87                   OLARIA - RJ 21021480RIO DE JANEIRO RJUNIAO UMB DOS CULTOS AFRO BRAS    22121710 000026
10231987175000168916200163100    00003832                     000038320000000000000109                     I023832      22121700000000350003410000017N171117104700000000000102212170000000000000000000000000000000000000000100005209152758LAZARO OLIVEIRA DE ARAUJO               RUA MULULO DA VEIGA                     NEVES - SAO 24400000SAO GONCALO    RJUNIAO UMB DOS CULTOS AFRO BRAS    22121710 000027
10231987175000168916200163100    00003773                     000037730000000000000109                     I023773      22121700000000350003410000017N171117104700000000000102212170000000000000000000000000000000000000000100092080570706EUZAMAR FONSECA SANTOS                  RUA DONA EMILIA N 195 CASA 4            INHAUMA - RI20765110RIO DE JANEIRO RJUNIAO UMB DOS CULTOS AFRO BRAS    22121710 000028
10231987175000168916200163100    00003704                     000037040000000000000109                     I023704      22121700000000350003410000017N171117104700000000000102212170000000000000000000000000000000000000000100055224644704VALERIA DOS SANTOS NEVES                RUA FRANCISCA ZIEZE, 71                 PILARES - RI20750040RIO DE JANEIRIORJUNIAO UMB DOS CULTOS AFRO BRAS    22121710 000029
10231987175000168916200163100    00003703                     000037030000000000000109                     I023703      22121700000000350003410000017N171117104700000000000102212170000000000000000000000000000000000000000100055365795768YEDA BARROS DE AZEVEDO                  RUA SESSENTA E NOVE QUADRA, 332 LOTE 43 JARDIM ATLAN24910000MARICA         RJUNIAO UMB DOS CULTOS AFRO BRAS    22121710 000030
10231987175000168916200163100    00003702                     000037020000000000000109                     I023702      22121700000000350003410000017N171117104700000000000102212170000000000000000000000000000000000000000100068567855772ZAILDA MASCARENHAS DOS SANTOS           RUA FRANCISCO ANTONIO NASCIMENTO, 57    MIGUEL COUTO26070467RIO DE JANEIRO RJUNIAO UMB DOS CULTOS AFRO BRAS    22121710 000031
10231987175000168916200163100    00003458                     000034580000000000000109                     I023458      22121700000000350003410000017N171117104700000000000102212170000000000000000000000000000000000000000200000000007238DERLI DE CARVALHO SILVA                 RUA TEOTONIO SANTOS N 111               MARAMBAIA - 36880000MURIAE         MGUNIAO UMB DOS CULTOS AFRO BRAS    22121710 000032
10231987175000168916200163100    00003447                     000034470000000000000109                     I023447      22121700000000350003410000017N171117104700000000000102212170000000000000000000000000000000000000000100084599405787UBIRAJARA LI AFFA DA SILVA              O MESMO                                 O MESMO     26240280MESQUITA       RJUNIAO UMB DOS CULTOS AFRO BRAS    22121710 000033
10231987175000168916200163100    00003446                     000034460000000000000109                     I023446      22121700000000350003410000017N171117104700000000000102212170000000000000000000000000000000000000000100007832334770MARCELO COSTA DE OLIVEIRA               O MESMO                                 O MESMO     22750310RIO DE JANEIRO RJUNIAO UMB DOS CULTOS AFRO BRAS    22121710 000034
10231987175000168916200163100    00003027                     000030270000000000000109                     I023027      31121700000000035003410000017N131117104700000000000103112170000000000000000000000000000000000000000100043377483772FERNANDO HOLMES BURCHTEIN               RUA ALBANO N 902                        MAUA - MAGE 25926492MAGE           RJUNIAO UMB DOS CULTOS AFRO BRAS    31121710 000035
10231987175000168916200163100    00002345                     000023450000000000000109                     I022345      31121700000000035003410000017N131117104700000000000103112170000000000000000000000000000000000000000100005209152758LAZARO OLIVEIRA DE ARAUJO               RUA MULULO DA VEIGA                     NEVES - SAO 24400000SAO GONCALO    RJUNIAO UMB DOS CULTOS AFRO BRAS    31121710 000036
10231987175000168916200163100    00002285                     000022850000000000000109                     I342285      31121700000000035003410000017N131117104700000000000103112170000000000000000000000000000000000000000100092080570706EUZAMAR FONSECA SANTOS                  RUA DONA EMILIA N 195 CASA 4            INHAUMA - RI20765110RIO DE JANEIRO RJUNIAO UMB DOS CULTOS AFRO BRAS    31121710 000037
9                                                                                                                                                                                                                                                                                                                                                                                                         000038
