01REMESSA01COBRANCA       916200163100        União Umb dos Cultos Afro Bra341BANCO ITAU SA  210518                                                                                                                                                                                                                                                                                                      000001
10231987175000168916200163100    000021025                    000210250000000000000109                     I0121025     31051800000000300003410000017N210518104700000000000103105180000000000000000000000000000000000000000100000000011458JOSE ALFREDO BARDASSON MARQUES          O MESMO                                 O MESMO     24830072ITABORAI       RJUNIAO UMB DOS CULTOS AFRO BRAS    31051810 000002
10231987175000168916200163100    000021024                    000210240000000000000109                     I0121024     30081800000000035003410000017N210518104700000000000103008180000000000000000000000000000000000000000100003443839703ANDERSON FERNANDES DE PAIVA             RUA JUDITE GUERRA                       PAVUNA      21520260RIO DE JANEIRO RJUNIAO UMB DOS CULTOS AFRO BRAS    30081810 000003
10231987175000168916200163100    000021023                    000210230000000000000109                     I0121023     30071800000000035003410000017N210518104700000000000103007180000000000000000000000000000000000000000100003443839703ANDERSON FERNANDES DE PAIVA             RUA JUDITE GUERRA                       PAVUNA      21520260RIO DE JANEIRO RJUNIAO UMB DOS CULTOS AFRO BRAS    30071810 000004
10231987175000168916200163100    000021022                    000210220000000000000109                     I0121022     30061800000000035003410000017N210518104700000000000103006180000000000000000000000000000000000000000100003443839703ANDERSON FERNANDES DE PAIVA             RUA JUDITE GUERRA                       PAVUNA      21520260RIO DE JANEIRO RJUNIAO UMB DOS CULTOS AFRO BRAS    30061810 000005
10231987175000168916200163100    000021021                    000210210000000000000109                     I0121021     25051800000000035003410000017N210518104700000000000102505180000000000000000000000000000000000000000100005626387745VANIA SANTIAGO                          RUA MANOEL VIEIRA, 576                  CENTRO - DUQ25020210DUQUE DE CAXIASRJUNIAO UMB DOS CULTOS AFRO BRAS    25051810 000006
10231987175000168916200163100    000021020                    000210200000000000000109                     I0121020     30051800000000105003410000017N210518104700000000000103005180000000000000000000000000000000000000000100008629571764SILVANA DA COSTA SANTOS                 RUA H, CASA 11 QUADRA 8                 BALNEARIO - 28940000SAO PEDRO DA ALRJUNIAO UMB DOS CULTOS AFRO BRAS    30051810 000007
10231987175000168916200163100    000021019                    000210190000000000000109                     I0121019     25051800000000040003410000017N210518104700000000000102505180000000000000000000000000000000000000000100011700984799CRISTIANE SANTOS FEIJO VIEIRA           RUA NICOLAU TOUQUET                     JARDIM CATAR24716403SAO GONCALO    RJUNIAO UMB DOS CULTOS AFRO BRAS    25051810 000008
10231987175000168916200163100    000021017                    000210170000000000000109                     I0121017     22051800000000000003410000017N200518104700000000000102205180000000000000000000000000000000000000000100009057240700ILAN FERNANDES BRAZILEIRO               RUA NICARAGUA                           PARQUE HOTEL28970000ARARUAMA       RJUNIAO UMB DOS CULTOS AFRO BRAS    22051810 000009
10231987175000168916200163100    000021016                    000210160000000000000109                     I3421016     01051800000000140003410000017N200518104700000000000100105180000000000000000000000000000000000000000100009057240700ILAN FERNANDES BRAZILEIRO               RUA NICARAGUA                           PARQUE HOTEL28970000ARARUAMA       RJUNIAO UMB DOS CULTOS AFRO BRAS    01051810 000010
10231987175000168916200163100    000021015                    000210150000000000000109                     I0221015     01051800000000175003410000017N200518104700000000000100105180000000000000000000000000000000000000000100009057240700ILAN FERNANDES BRAZILEIRO               RUA NICARAGUA                           PARQUE HOTEL28970000ARARUAMA       RJUNIAO UMB DOS CULTOS AFRO BRAS    01051810 000011
10231987175000168916200163100    000021013                    000210130000000000000109                     I3421013     01051800000000035003410000017N200518104700000000000100105180000000000000000000000000000000000000000100009057240700ILAN FERNANDES BRAZILEIRO               RUA NICARAGUA                           PARQUE HOTEL28970000ARARUAMA       RJUNIAO UMB DOS CULTOS AFRO BRAS    01051810 000012
10231987175000168916200163100    000021012                    000210120000000000000109                     I0121012     20071800000000100003410000017N200518104700000000000102007180000000000000000000000000000000000000000100061263699715WALTER DA SILVA RIBEIRO                 TRAVESSA DA PAZ N 28                    MORRO DO CAS24410580RIO DE JANEIRO RJUNIAO UMB DOS CULTOS AFRO BRAS    20071810 000013
10231987175000168916200163100    000021008                    000210080000000000000109                     I0121008     22051800000000420003410000017N190518104700000000000102205180000000000000000000000000000000000000000100001876672765AGUIMAR FERREIRA PIRES                  TRAVESSA JURANIC 26                     CAMARAO - SA24435080SAO GONCALO    RJUNIAO UMB DOS CULTOS AFRO BRAS    22051810 000014
10231987175000168916200163100    000021007                    000210070000000000000109                     I0121007     30081800000000035003410000017N180518104700000000000103008180000000000000000000000000000000000000000100012218258790WILIAM ULERICH MARTINS                  RUA ANTONIO AUSTREGESILO                INHAUMA     21061300RIO DE JANEIRO RJUNIAO UMB DOS CULTOS AFRO BRAS    30081810 000015
10231987175000168916200163100    000021006                    000210060000000000000109                     I0121006     30071800000000035003410000017N180518104700000000000103007180000000000000000000000000000000000000000100012218258790WILIAM ULERICH MARTINS                  RUA ANTONIO AUSTREGESILO                INHAUMA     21061300RIO DE JANEIRO RJUNIAO UMB DOS CULTOS AFRO BRAS    30071810 000016
10231987175000168916200163100    000021005                    000210050000000000000109                     I0121005     30061800000000035003410000017N180518104700000000000103006180000000000000000000000000000000000000000100012218258790WILIAM ULERICH MARTINS                  RUA ANTONIO AUSTREGESILO                INHAUMA     21061300RIO DE JANEIRO RJUNIAO UMB DOS CULTOS AFRO BRAS    30061810 000017
10231987175000168916200163100    000021004                    000210040000000000000109                     I0121004     30081800000000035003410000017N180518104700000000000103008180000000000000000000000000000000000000000100003654035710ELLEN CRISTINA DE ORNELAS NARC          RUA MARECHAL MARCIANO                   REALENGO    21721011RIO DE JANEIRO RJUNIAO UMB DOS CULTOS AFRO BRAS    30081810 000018
10231987175000168916200163100    000021003                    000210030000000000000109                     I0121003     30071800000000035003410000017N180518104700000000000103007180000000000000000000000000000000000000000100003654035710ELLEN CRISTINA DE ORNELAS NARC          RUA MARECHAL MARCIANO                   REALENGO    21721011RIO DE JANEIRO RJUNIAO UMB DOS CULTOS AFRO BRAS    30071810 000019
10231987175000168916200163100    000021002                    000210020000000000000109                     I0121002     30061800000000035003410000017N180518104700000000000103006180000000000000000000000000000000000000000100003654035710ELLEN CRISTINA DE ORNELAS NARC          RUA MARECHAL MARCIANO                   REALENGO    21721011RIO DE JANEIRO RJUNIAO UMB DOS CULTOS AFRO BRAS    30061810 000020
10231987175000168916200163100    000021001                    000210010000000000000109                     I0121001     30051800000000105003410000017N180518104700000000000103005180000000000000000000000000000000000000000100099029359749ANDRE LUIZ REIS GRACIO                  RUA PIRAMBOIA N 130                     SENADOR VASC23012300RIO DE JANEIRO RJUNIAO UMB DOS CULTOS AFRO BRAS    30051810 000021
10231987175000168916200163100    000020986                    000209860000000000000109                     I0220986     18051800000000070003410000017N140518104700000000000101805180000000000000000000000000000000000000000100099029359749ANDRE LUIZ REIS GRACIO                  RUA PIRAMBOIA N 130                     SENADOR VASC23012300RIO DE JANEIRO RJUNIAO UMB DOS CULTOS AFRO BRAS    18051810 000022
10231987175000168916200163100    000020984                    000209840000000000000109                     I3420984     25051800000000070003410000017N140518104700000000000102505180000000000000000000000000000000000000000200000000010205MARILANE BARROSO BERNARDES              RUA MARIA LIMA VIEIRA SN QUADRA D 31 LOTVILA MARGARI23821050RIO DE JANEIRO RJUNIAO UMB DOS CULTOS AFRO BRAS    25051810 000023
10231987175000168916200163100    000020920                    000209200000000000000109                     I0220920     30081800000000035003410000017N100518104700000000000103008180000000000000000000000000000000000000000100003032482704ADELAIDE ALVES DE OLIVEIRA MIR          RUA CLEMENTE PEREIRA LEANDRO, QUADRA 21 SAO JOAO DE 25561000RIO DE JANEIRO RJUNIAO UMB DOS CULTOS AFRO BRAS    30081810 000024
10231987175000168916200163100    000020919                    000209190000000000000109                     I0220919     30071800000000035003410000017N100518104700000000000103007180000000000000000000000000000000000000000100003032482704ADELAIDE ALVES DE OLIVEIRA MIR          RUA CLEMENTE PEREIRA LEANDRO, QUADRA 21 SAO JOAO DE 25561000RIO DE JANEIRO RJUNIAO UMB DOS CULTOS AFRO BRAS    30071810 000025
10231987175000168916200163100    000020918                    000209180000000000000109                     I0220918     30061800000000035003410000017N100518104700000000000103006180000000000000000000000000000000000000000100003032482704ADELAIDE ALVES DE OLIVEIRA MIR          RUA CLEMENTE PEREIRA LEANDRO, QUADRA 21 SAO JOAO DE 25561000RIO DE JANEIRO RJUNIAO UMB DOS CULTOS AFRO BRAS    30061810 000026
10231987175000168916200163100    000020785                    000207850000000000000109                     I0220785     30081800000000040003410000017N070518104700000000000103008180000000000000000000000000000000000000000100008046598771ANTONIO DA SILVA BARBOSA                MARIA JOSE FERREIRA DUARTE              ERMITAGE    25975780TERESOPOLIS    RJUNIAO UMB DOS CULTOS AFRO BRAS    30081810 000027
10231987175000168916200163100    000019604                    000196040000000000000109                     I0219604     30081800000000035003410000017N070518104700000000000103008180000000000000000000000000000000000000000100053699394700UBIRAJARA PEREIRA FRANCO                AV. BRASIL 17191 BLOCO 35 APTº 2002    IRAJA       21230240RIO DE JANEIRO RJUNIAO UMB DOS CULTOS AFRO BRAS    30081810 000028
10231987175000168916200163100    000019591                    000195910000000000000109                     I0219591     30081800000000035003410000017N070518104700000000000103008180000000000000000000000000000000000000000100073871729787RENATO GOMES SILVA                      RUA JURIPIRANGA LOTE 18 QUADRA 129      COSMOS - RIO23060020RIO DE JANEIRO RJUNIAO UMB DOS CULTOS AFRO BRAS    30081810 000029
10231987175000168916200163100    000019215                    000192150000000000000109                     I0219215     30071800000000040003410000017N070518104700000000000103007180000000000000000000000000000000000000000100008046598771ANTONIO DA SILVA BARBOSA                MARIA JOSE FERREIRA DUARTE              ERMITAGE    25975780TERESOPOLIS    RJUNIAO UMB DOS CULTOS AFRO BRAS    30071810 000030
10231987175000168916200163100    000019157                    000191570000000000000109                     I3419157     30071800000000035003410000017N070518104700000000000103007180000000000000000000000000000000000000000100001343022738LUCIANA FIGUEIRO COUTINHO DA S          RUA: MANHUACU N 53                      VARGEM GRAND22785600RIO DE JANEIRO RJUNIAO UMB DOS CULTOS AFRO BRAS    30071810 000031
10231987175000168916200163100    000018443                    000184430000000000000109                     I3418443     30071800000000035003410000017N070518104700000000000103007180000000000000000000000000000000000000000100043224164700CLEUZA LORETTE GONCALVES                RUA IPE N 22                            VARGEM PEQUE22783409RIO DE JANEIRO RJUNIAO UMB DOS CULTOS AFRO BRAS    30071810 000032
10231987175000168916200163100    000018034                    000180340000000000000109                     I0218034     30071800000000035003410000017N070518104700000000000103007180000000000000000000000000000000000000000100053699394700UBIRAJARA PEREIRA FRANCO                AV. BRASIL 17191 BLOCO 35 APTº 2002    IRAJA       21230240RIO DE JANEIRO RJUNIAO UMB DOS CULTOS AFRO BRAS    30071810 000033
10231987175000168916200163100    000018021                    000180210000000000000109                     I0218021     30071800000000035003410000017N070518104700000000000103007180000000000000000000000000000000000000000100073871729787RENATO GOMES SILVA                      RUA JURIPIRANGA LOTE 18 QUADRA 129      COSMOS - RIO23060020RIO DE JANEIRO RJUNIAO UMB DOS CULTOS AFRO BRAS    30071810 000034
10231987175000168916200163100    000016025                    000160250000000000000109                     I0216025     30061800000000040003410000017N070518104700000000000103006180000000000000000000000000000000000000000100008046598771ANTONIO DA SILVA BARBOSA                MARIA JOSE FERREIRA DUARTE              ERMITAGE    25975780TERESOPOLIS    RJUNIAO UMB DOS CULTOS AFRO BRAS    30061810 000035
10231987175000168916200163100    000015970                    000159700000000000000109                     I3415970     30061800000000035003410000017N070518104700000000000103006180000000000000000000000000000000000000000100007459837741LUIZ CARLOS CARDOSO                     RUA: WALDIR CARDOSO N100                PAU GRANDE -25917040MAGE           RJUNIAO UMB DOS CULTOS AFRO BRAS    30061810 000036
10231987175000168916200163100    000015967                    000159670000000000000109                     I3415967     30061800000000035003410000017N070518104700000000000103006180000000000000000000000000000000000000000100001343022738LUCIANA FIGUEIRO COUTINHO DA S          RUA: MANHUACU N 53                      VARGEM GRAND22785600RIO DE JANEIRO RJUNIAO UMB DOS CULTOS AFRO BRAS    30061810 000037
10231987175000168916200163100    000015254                    000152540000000000000109                     I3415254     30061800000000035003410000017N070518104700000000000103006180000000000000000000000000000000000000000100043224164700CLEUZA LORETTE GONCALVES                RUA IPE N 22                            VARGEM PEQUE22783409RIO DE JANEIRO RJUNIAO UMB DOS CULTOS AFRO BRAS    30061810 000038
10231987175000168916200163100    000014845                    000148450000000000000109                     I0214845     30061800000000035003410000017N070518104700000000000103006180000000000000000000000000000000000000000100053699394700UBIRAJARA PEREIRA FRANCO                AV. BRASIL 17191 BLOCO 35 APTº 2002    IRAJA       21230240RIO DE JANEIRO RJUNIAO UMB DOS CULTOS AFRO BRAS    30061810 000039
10231987175000168916200163100    000014832                    000148320000000000000109                     I0214832     30061800000000035003410000017N070518104700000000000103006180000000000000000000000000000000000000000100073871729787RENATO GOMES SILVA                      RUA JURIPIRANGA LOTE 18 QUADRA 129      COSMOS - RIO23060020RIO DE JANEIRO RJUNIAO UMB DOS CULTOS AFRO BRAS    30061810 000040
10231987175000168916200163100    00008911                     000089110000000000000109                     I348911      30031800000000035003410000017N020118104700000000000103003180000000000000000000000000000000000000000100012097291724CAROLINA B. DE C. CAVALCANTI            RUA VITAL N 410                         QUINTINO BOC21380008RIO DE JANEIRO RJUNIAO UMB DOS CULTOS AFRO BRAS    30031810 000041
10231987175000168916200163100    00008884                     000088840000000000000109                     I348884      31011800000000035003410000017N020118104700000000000103101180000000000000000000000000000000000000000100008629571764SILVANA DA COSTA SANTOS                 RUA H, CASA 11 QUADRA 8                 BALNEARIO - 28940000SAO PEDRO DA ALRJUNIAO UMB DOS CULTOS AFRO BRAS    31011810 000042
10231987175000168916200163100    00008730                     000087300000000000000109                     I028730      31011800000000035003410000017N020118104700000000000103101180000000000000000000000000000000000000000100001876672765AGUIMAR FERREIRA PIRES                  TRAVESSA JURANIC 26                     CAMARAO - SA24435080SAO GONCALO    RJUNIAO UMB DOS CULTOS AFRO BRAS    31011810 000043
10231987175000168916200163100    00008573                     000085730000000000000109                     I028573      31011800000000035003410000017N020118104700000000000103101180000000000000000000000000000000000000000100053699394700UBIRAJARA PEREIRA FRANCO                AV. BRASIL 17191 BLOCO 35 APTº 2002    IRAJA       21230240RIO DE JANEIRO RJUNIAO UMB DOS CULTOS AFRO BRAS    31011810 000044
10231987175000168916200163100    00008569                     000085690000000000000109                     I028569      31011800000000035003410000017N020118104700000000000103101180000000000000000000000000000000000000000100073871729787RENATO GOMES SILVA                      RUA JURIPIRANGA LOTE 18 QUADRA 129      COSMOS - RIO23060020RIO DE JANEIRO RJUNIAO UMB DOS CULTOS AFRO BRAS    31011810 000045
10231987175000168916200163100    00002415                     000024150000000000000109                     I342415      31121700000000035003410000017N131117104700000000000103112170000000000000000000000000000000000000000100043548628753MARIA SALETTE MATTOSO RODRIGUE          RUA PERNAMBUCO, 1254                    ENCANTADO - 20730030RIO DE JANEIRO RJUNIAO UMB DOS CULTOS AFRO BRAS    31121710 000046
10231987175000168916200163100    00002411                     000024110000000000000109                     I022411      31121700000000035003410000017N131117104700000000000103112170000000000000000000000000000000000000000100087419939772EMANUEL JOSE DOS SANTOS                 RUA MANUEL DE FREITAS, QUADRA D LOTE 10 PANTANAL - D25041500DUQUE DE CAXIASRJUNIAO UMB DOS CULTOS AFRO BRAS    31121710 000047
10231987175000168916200163100    00002394                     000023940000000000000109                     I342394      31121700000000035003410000017N131117104700000000000103112170000000000000000000000000000000000000000100010329411705RODRIGO SILVA DO NASCIMENTO SA          RUA: PAPA FOLHA LOTE 2 QUADRA 28 - VILA DUQUE DE CAX25255190DUQUE DE CAXIASRJUNIAO UMB DOS CULTOS AFRO BRAS    31121710 000048
10231987175000168916200163100    00002383                     000023830000000000000109                     I342383      31121700000000035003410000017N131117104700000000000103112170000000000000000000000000000000000000000100025569929720JOSE WILSON DE ARAUJO                   RUA C 2 LOTE 25 QUADRA 44               JARDIM GUARR23062000RIO DE JANEIRO RJUNIAO UMB DOS CULTOS AFRO BRAS    31121710 000049
10231987175000168916200163100    00002020                     000020200000000000000109                     I342020      31121700000000035003410000017N131117104700000000000103112170000000000000000000000000000000000000000100078664870730LUCIA MARA RIBEIRO OLIVEIRA             RUA LUIZA N 47                          CHATUBA - ME26584210MESQUITA       RJUNIAO UMB DOS CULTOS AFRO BRAS    31121710 000050
10231987175000168916200163100    00002011                     000020110000000000000109                     I342011      31121700000000035003410000017N131117104700000000000103112170000000000000000000000000000000000000000200000000002619MARCOS ROMEU DA SILVA                   CAMINHO DO FERRADOR N 30                GUARATIBA - 23020570CAMPO GRANDE   RJUNIAO UMB DOS CULTOS AFRO BRAS    31121710 000051
9                                                                                                                                                                                                                                                                                                                                                                                                         000052
