01REMESSA01COBRANCA       916200163100        União Umb dos Cultos Afro Bra341BANCO ITAU SA  040518                                                                                                                                                                                                                                                                                                      000001
10231987175000168916200163100    000014471                    000144710000000000000109                     I0114471     15051800000000105003410000017N040518104700000000000101505180000000000000000000000000000000000000000100089207963787NICEIA SANTOS FRANCA                    RUA SAPUCAI - BECO DO JORDAO            SANTA CRUZ  23550360RIO DE JANEIRO RJUNIAO UMB DOS CULTOS AFRO BRAS    15051810 000002
10231987175000168916200163100    000014470                    000144700000000000000109                     I0214470     15051800000000220003410000017N040518104700000000000101505180000000000000000000000000000000000000000100089207963787NICEIA SANTOS FRANCA                    RUA SAPUCAI - BECO DO JORDAO            SANTA CRUZ  23550360RIO DE JANEIRO RJUNIAO UMB DOS CULTOS AFRO BRAS    15051810 000003
10231987175000168916200163100    000014469                    000144690000000000000109                     I0114469     20051800000000035003410000017N040518104700000000000102005180000000000000000000000000000000000000000100088224228720VERA MARIA DA SILVA                     AVENIDA FARROUPILHA  ANTIGA RUA 6       SAO GONCALO 24722270RIO DE JANEIRO RJUNIAO UMB DOS CULTOS AFRO BRAS    20051810 000004
10231987175000168916200163100    000014468                    000144680000000000000109                     I0114468     20051800000000070003410000017N040518104700000000000102005180000000000000000000000000000000000000000100088224228720VERA MARIA DA SILVA                     AVENIDA FARROUPILHA  ANTIGA RUA 6       SAO GONCALO 24722270RIO DE JANEIRO RJUNIAO UMB DOS CULTOS AFRO BRAS    20051810 000005
10231987175000168916200163100    000014467                    000144670000000000000109                     I0114467     15051800000000300003410000017N040518104700000000000101505180000000000000000000000000000000000000000100002979603775LUIZ CARLOS PESSOA                      RUA: JOSE RAMALHO Nº 14 - MUTUAPIRA    O MESMO     24455235RIO DE JANEIRO RJUNIAO UMB DOS CULTOS AFRO BRAS    15051810 000006
10231987175000168916200163100    000014466                    000144660000000000000109                     I0114466     10051800000000035003410000017N030518104700000000000101005180000000000000000000000000000000000000000100002046107705PAULO SERGIO MILITAO HENRIQUE           RUA VIENA, 41                           BRAS DE PINA21215350RIO DE JANEIRO RJUNIAO UMB DOS CULTOS AFRO BRAS    10051810 000007
10231987175000168916200163100    000014465                    000144650000000000000109                     I0114465     10051800000000385003410000017N030518104700000000000101005180000000000000000000000000000000000000000100005256804707SUSI ROSANA DE OLIVEIRA - JANA          O MESMO                                 O MESMO     21765000RIO DE JANEIRO RJUNIAO UMB DOS CULTOS AFRO BRAS    10051810 000008
10231987175000168916200163100    000014464                    000144640000000000000109                     I0114464     21051800000000175003410000017N030518104700000000000102105180000000000000000000000000000000000000000100001346375771CRISTIANE MARIANO RAPELLO               ESTRADA ALBERTO TEIXEIRA CUNHA N 1410 CANILOPOLIS - 26520070NILOPOLIS      RJUNIAO UMB DOS CULTOS AFRO BRAS    21051810 000009
10231987175000168916200163100    000014463                    000144630000000000000109                     I0114463     15051800000000140003410000017N030518104700000000000101505180000000000000000000000000000000000000000100099213133715CLAUDIO LOPES ALBINO                    RUA: MARECHAL AGRICOLA N° 856 CASA 6   REALENGO - R21735370RIO DE JANEIRO RJUNIAO UMB DOS CULTOS AFRO BRAS    15051810 000010
10231987175000168916200163100    000014462                    000144620000000000000109                     I0114462     30051800000000340003410000017N020518104700000000000103005180000000000000000000000000000000000000000200000000005907MARIA SILVIA DOS SANTOS LADEIR          RUA ACADEMICOS, CASA 173                PIRATININGA 24350400NITEROI        RJUNIAO UMB DOS CULTOS AFRO BRAS    30051810 000011
10231987175000168916200163100    000014461                    000144610000000000000109                     I0114461     05051800000000105003410000017N020518104700000000000100505180000000000000000000000000000000000000000100083492909787MARCIA DA COSTA BRANDAO                 TRAVESSA MALAFAIA, 49                   DEL CASTILHO21050620RIO DE JANEIRO RJUNIAO UMB DOS CULTOS AFRO BRAS    05051810 000012
10231987175000168916200163100    000014460                    000144600000000000000109                     I0114460     04051800000000070003410000017N020518104700000000000100405180000000000000000000000000000000000000000100038923335720MARILENE LOPES                          RUA: LIBERATO                           MESQUITA    26235180MESQUITA       RJUNIAO UMB DOS CULTOS AFRO BRAS    04051810 000013
10231987175000168916200163100    000014459                    000144590000000000000109                     I0114459     21051800000000070003410000017N020518104700000000000102105180000000000000000000000000000000000000000100067165664734JAIRINO DOS SANTOS E JUREMA J.          TRAVESSA ALVARENGA N 80                 EDSON PASSOS26246150MESQUITA       RJUNIAO UMB DOS CULTOS AFRO BRAS    21051810 000014
10231987175000168916200163100    000014458                    000144580000000000000109                     I0114458     30051800000000035003410000017N020518104700000000000103005180000000000000000000000000000000000000000100000000007416ELOIDE GONCALVES GAIA                   O MESMO                                 O MESMO     00000000RIO DE JANEIRO RJUNIAO UMB DOS CULTOS AFRO BRAS    30051810 000015
10231987175000168916200163100    000014457                    000144570000000000000109                     I0114457     10051800000000816333410000017N020518104700000000000101005180000000000000000000000000000000000000000100099608421420NEHILTON ANTONIO DOS SANTOS             RUA: ALCIDES MAIA                       BENTO RIBEIR21550560RIO DE JANEIRO RJUNIAO UMB DOS CULTOS AFRO BRAS    10051810 000016
10231987175000168916200163100    000014456                    000144560000000000000109                     I0114456     10051800000000601333410000017N020518104700000000000101005180000000000000000000000000000000000000000100025937030753MANOEL GABRIEL DA SILVA                 RUA: ALCIDES MAIA                       BENTO RIBEIR21550560RIO DE JANEIRO RJUNIAO UMB DOS CULTOS AFRO BRAS    10051810 000017
10231987175000168916200163100    000014455                    000144550000000000000109                     I0114455     10051800000000828713410000017N020518104700000000000101005180000000000000000000000000000000000000000100013946879772ALDENI ALBENORA DA SILVA                RUA: JOAO DANIEL                        BENTO RIBEIR21550480RIO DE JANEIRO RJUNIAO UMB DOS CULTOS AFRO BRAS    10051810 000018
10231987175000168916200163100    000014454                    000144540000000000000109                     I0114454     10051800000000883873410000017N020518104700000000000101005180000000000000000000000000000000000000000100049547410768ROSELI DE SAO JOSE MOREIRA              RUA: ALCIDES MAIA                       BENTO RIBEIR21550560RIO DE JANEIRO RJUNIAO UMB DOS CULTOS AFRO BRAS    10051810 000019
10231987175000168916200163100    000014453                    000144530000000000000109                     I0114453     10051800000000731133410000017N020518104700000000000101005180000000000000000000000000000000000000000100000424410755ANA PAULA SILVA BARBOSA                 RUA: ALCIDES MAIA                       BENTO RIBEIR21550560RIO DE JANEIRO RJUNIAO UMB DOS CULTOS AFRO BRAS    10051810 000020
10231987175000168916200163100    000014452                    000144520000000000000109                     I0114452     10051800000000716333410000017N020518104700000000000101005180000000000000000000000000000000000000000100001061174751SAMUEL ANTONIO TRINDADE                 RUA: ALCIDES MAIA                       BENTO RIBEIR21550560RIO DE JANEIRO RJUNIAO UMB DOS CULTOS AFRO BRAS    10051810 000021
10231987175000168916200163100    000014451                    000144510000000000000109                     I0114451     10051800000000582613410000017N020518104700000000000101005180000000000000000000000000000000000000000100007854516766NATALIE SILVA DE LIMA                   RUA: JOAO DANIEL                        BENTO RIBEIR21550480RIO DE JANEIRO RJUNIAO UMB DOS CULTOS AFRO BRAS    10051810 000022
10231987175000168916200163100    000014450                    000144500000000000000109                     I0114450     10051800000000763613410000017N020518104700000000000101005180000000000000000000000000000000000000000100082228507768IARA LUCIA RIBEIRO QUINTINO             RUA: JOAO DANIEL                        BENTO RIBEIR21550480RIO DE JANEIRO RJUNIAO UMB DOS CULTOS AFRO BRAS    10051810 000023
10231987175000168916200163100    000014449                    000144490000000000000109                     I0114449     10051800000000299833410000017N020518104700000000000101005180000000000000000000000000000000000000000100068760680725ANNA LUCIA DE SOUZA                     RUA: JOAO DANIEL                        BENTO RIBEIR21550480RIO DE JANEIRO RJUNIAO UMB DOS CULTOS AFRO BRAS    10051810 000024
10231987175000168916200163100    000014448                    000144480000000000000109                     I0114448     10051800000000593713410000017N020518104700000000000101005180000000000000000000000000000000000000000100078566738772MARINA SOARES DA SILVA                  RUA: JOAO DANIEL                        BENTO RIBEIR21550480RIO DE JANEIRO RJUNIAO UMB DOS CULTOS AFRO BRAS    10051810 000025
10231987175000168916200163100    000014447                    000144470000000000000109                     I0114447     10051800000000419833410000017N020518104700000000000101005180000000000000000000000000000000000000000100068760680725ANNA LUCIA DE SOUZA                     RUA: JOAO DANIEL                        BENTO RIBEIR21550480RIO DE JANEIRO RJUNIAO UMB DOS CULTOS AFRO BRAS    10051810 000026
10231987175000168916200163100    000014446                    000144460000000000000109                     I0114446     10051800000000528713410000017N020518104700000000000101005180000000000000000000000000000000000000000100093728467791ALEX DE SOUZA MARTINS                   RUA: JOAO DANIEL                        BENTO RIBEIR21550480RIO DE JANEIRO RJUNIAO UMB DOS CULTOS AFRO BRAS    10051810 000027
10231987175000168916200163100    000014445                    000144450000000000000109                     I0114445     10051800000001200003410000017N020518104700000000000101005180000000000000000000000000000000000000000100012701486726MARIANA MAGALHAES DE C. J. I.           RUA: SALOMAO FILHO                      MARECHAL HER21331660RIO DE JANEIRO RJUNIAO UMB DOS CULTOS AFRO BRAS    10051810 000028
10231987175000168916200163100    000014444                    000144440000000000000109                     I0114444     04051800000000035003410000017N020518104700000000000100405180000000000000000000000000000000000000000100085725730700MARIA LUCIA DA SILVA BORGES             RUA CACIPORE, 1273                      JARDIM OLAVO25036040DUQUE DE CAXIASRJUNIAO UMB DOS CULTOS AFRO BRAS    04051810 000029
10231987175000168916200163100    000014443                    000144430000000000000109                     I0114443     15051800000000070003410000017N020518104700000000000101505180000000000000000000000000000000000000000100085906859772JULIO CESAR DA SILVA                    RUA PROFESSOR MARIO BRANT, 573          REALENGO - R21760420RIO DE JANEIRO RJUNIAO UMB DOS CULTOS AFRO BRAS    15051810 000030
10231987175000168916200163100    000014219                    000142190000000000000109                     I0214219     30041800000000035003410000017N150318104700000000000103004180000000000000000000000000000000000000000100065065325749MARIA LUISA CHAGAS SILVA                RUA BOGARI N°16  BELFORD ROXO          JD XAVANTES 26160190BELFORD ROXO   RJUNIAO UMB DOS CULTOS AFRO BRAS    30041810 000031
10231987175000168916200163100    00008932                     000089320000000000000109                     I028932      31011800000000035003410000017N020118104700000000000103101180000000000000000000000000000000000000000100001346375771CRISTIANE MARIANO RAPELLO               ESTRADA ALBERTO TEIXEIRA CUNHA N 1410 CANILOPOLIS - 26520070NILOPOLIS      RJUNIAO UMB DOS CULTOS AFRO BRAS    31011810 000032
10231987175000168916200163100    00008886                     000088860000000000000109                     I348886      31011800000000035003410000017N020118104700000000000103101180000000000000000000000000000000000000000100059680903753TANIA REGINA DOS SANTOS MARQUE          RUA VISCONDE DE MACEIO, 50 - FRENTE     IRAJA - RIO 21235100RIO DE JANEIRO RJUNIAO UMB DOS CULTOS AFRO BRAS    31011810 000033
10231987175000168916200163100    00008850                     000088500000000000000109                     I028850      31011800000000035003410000017N020118104700000000000103101180000000000000000000000000000000000000000100060479612749MARIA SEBASTIANA NOGUEIRA PAIX          RUA DOZE DE FEVEREIRO, 900 CASA 4       BANGU - RJ  21815092RIO DE JANEIRO RJUNIAO UMB DOS CULTOS AFRO BRAS    31011810 000034
10231987175000168916200163100    00008555                     000085550000000000000109                     I028555      31011800000000035003410000017N020118104700000000000103101180000000000000000000000000000000000000000100001037627792FRANCE BATISTA CRESPO                   RUA CAPITAO MACHADO N 604 CASA 4        PRACA SECA -20740230RIO DE JANEIRO RJUNIAO UMB DOS CULTOS AFRO BRAS    31011810 000035
10231987175000168916200163100    00008537                     000085370000000000000109                     I028537      31011800000000035003410000017N020118104700000000000103101180000000000000000000000000000000000000000100067165664734JAIRINO DOS SANTOS E JUREMA J.          TRAVESSA ALVARENGA N 80                 EDSON PASSOS26246150MESQUITA       RJUNIAO UMB DOS CULTOS AFRO BRAS    31011810 000036
10231987175000168916200163100    00004516                     000045160000000000000109                     I024516      22121700000000350003410000017N171117104700000000000102212170000000000000000000000000000000000000000100000915013770ROSANGELA DAS NEVES RESENDE DO          RUA GOIANESIA LOTE 23 QUADRA 101        MARAMBAIA - 24859300ITABORAI       RJUNIAO UMB DOS CULTOS AFRO BRAS    22121710 000037
10231987175000168916200163100    00004515                     000045150000000000000109                     I024515      22121700000000350003410000017N171117104700000000000102212170000000000000000000000000000000000000000100005411763746MONICA CRUZ DE OLIVEIRA                 AVENIDA JOAO XXIII - RUA QUATORZE QUADRASANTA CRUZ -23565110RIO DE JANEIRO RJUNIAO UMB DOS CULTOS AFRO BRAS    22121710 000038
10231987175000168916200163100    00004514                     000045140000000000000109                     I024514      22121700000000350003410000017N171117104700000000000102212170000000000000000000000000000000000000000200000000012851JEANE APARECIDA NUNES BITENCOU          RUA MANOEL MENDONCA N 17                DEODORO - RI21616320RIO DE JANEIRO RJUNIAO UMB DOS CULTOS AFRO BRAS    22121710 000039
10231987175000168916200163100    00004513                     000045130000000000000109                     I024513      22121700000000350003410000017N171117104700000000000102212170000000000000000000000000000000000000000100008246810707LEILA DA SILVA MARQUES                  RUA REDENTOR LOTE 19 QUADRA 18          JARDIM REDEN26110090BELFORD ROXO   RJUNIAO UMB DOS CULTOS AFRO BRAS    22121710 000040
10231987175000168916200163100    00004512                     000045120000000000000109                     I024512      22121700000000350003410000017N171117104700000000000102212170000000000000000000000000000000000000000100010276278704ROSELI DE OLIVEIRA DUTRA                RUA UM LOTE 7 QUADRA 8                  TAQUARA - DU25275110DUQUE DE CAXIASRJUNIAO UMB DOS CULTOS AFRO BRAS    22121710 000041
10231987175000168916200163100    00004511                     000045110000000000000109                     I024511      22121700000000350003410000017N171117104700000000000102212170000000000000000000000000000000000000000100005633721735MARCOS AURELIO PAULINO FLORIAN          RUA LEONEL ROCHA N 195 CASA LOTE H      GUARATIBA - 23032460RIO DE JANEIRO RJUNIAO UMB DOS CULTOS AFRO BRAS    22121710 000042
10231987175000168916200163100    00004510                     000045100000000000000109                     I024510      22121700000000350003410000017N171117104700000000000102212170000000000000000000000000000000000000000200000000012848VIVIANE MORAES ALEXANDRINO              RUA JOAQUIM MOREIRA Nº 37              SEPETIBA    23545054RIO DE JANEIRO RJUNIAO UMB DOS CULTOS AFRO BRAS    22121710 000043
10231987175000168916200163100    00004508                     000045080000000000000109                     I024508      22121700000000350003410000017N171117104700000000000102212170000000000000000000000000000000000000000100001972684710ALEXANDRE MALAQUIAS DE SOUSA P          AVENIDA NELSON DE AQUINO N 246 - COROA GCOROA GRANDE23825670ITAGUAI        RJUNIAO UMB DOS CULTOS AFRO BRAS    22121710 000044
10231987175000168916200163100    00004336                     000043360000000000000109                     I024336      22121700000000350003410000017N171117104700000000000102212170000000000000000000000000000000000000000100083492909787MARCIA DA COSTA BRANDAO                 TRAVESSA MALAFAIA, 49                   DEL CASTILHO21050620RIO DE JANEIRO RJUNIAO UMB DOS CULTOS AFRO BRAS    22121710 000045
10231987175000168916200163100    00004319                     000043190000000000000109                     I024319      22121700000000350003410000017N171117104700000000000102212170000000000000000000000000000000000000000100016212777713TAYNARA LUZIA SILVA SOUZA               RODOVIA LUCIO MEIRA, 45772 - KM 249 BR-3MINUANO - BA27115190BARRA DO PIRAI RJUNIAO UMB DOS CULTOS AFRO BRAS    22121710 000046
10231987175000168916200163100    00004264                     000042640000000000000109                     I024264      22121700000000350003410000017N171117104700000000000102212170000000000000000000000000000000000000000100062820125700LUIS AFONSO DOS SANTOS                  RUA RETIRO FELIZ, 2                     PARQUE AIDA 26193020BELFORD ROXO   RJUNIAO UMB DOS CULTOS AFRO BRAS    22121710 000047
10231987175000168916200163100    00004262                     000042620000000000000109                     I024262      22121700000000350003410000017N171117104700000000000102212170000000000000000000000000000000000000000100003350774717ROGERIO SILVA DE SOUZA                  RUA TACARATU, 118                       ROCHA MIRAND21555010RIO DE JANEIRO RJUNIAO UMB DOS CULTOS AFRO BRAS    22121710 000048
10231987175000168916200163100    00004258                     000042580000000000000109                     I024258      22121700000000350003410000017N171117104700000000000102212170000000000000000000000000000000000000000100003558966724ANDREA CORDEIRO DA CONCEICAO S          RUA  PARATI, 379 - KM 35                BOM JESUS - 26298183NOVA IGUACU    RJUNIAO UMB DOS CULTOS AFRO BRAS    22121710 000049
10231987175000168916200163100    00004257                     000042570000000000000109                     I024257      22121700000000350003410000017N171117104700000000000102212170000000000000000000000000000000000000000100096051523715MARIA DE LOURDES PEREIRA                RUA MAX MANOEL MOLTER LOTE 42           QUARTEIRAO B25680211PETROPOLIS     RJUNIAO UMB DOS CULTOS AFRO BRAS    22121710 000050
10231987175000168916200163100    00004072                     000040720000000000000109                     I024072      22121700000000350003410000017N171117104700000000000102212170000000000000000000000000000000000000000100009805565700THIAGO DOS SANTOS FLOR DA SILV          RUA JOAO LUSO, 423                      REALENGO-RJ 21765620RIO DE JANEIRO RJUNIAO UMB DOS CULTOS AFRO BRAS    22121710 000051
10231987175000168916200163100    00004070                     000040700000000000000109                     I024070      22121700000000350003410000017N171117104700000000000102212170000000000000000000000000000000000000000100004790121720IATA ANDERSON JESUS PEREIRA             RUA ITAJUBARA, 92 FRENTE                RAMOS - RIO 21060180RIO DE JANEIRO RJUNIAO UMB DOS CULTOS AFRO BRAS    22121710 000052
10231987175000168916200163100    00004008                     000040080000000000000109                     I024008      22121700000000350003410000017N171117104700000000000102212170000000000000000000000000000000000000000100041957555734SELMA CORREA DIAS                       RUA PROJETADA 6 QUADRA 4 LOTE 21        MORADA DE CO23060550INHOAIBA       RJUNIAO UMB DOS CULTOS AFRO BRAS    22121710 000053
10231987175000168916200163100    00004006                     000040060000000000000109                     I024006      22121700000000350003410000017N171117104700000000000102212170000000000000000000000000000000000000000100005414691717UANDERSON DE SOUZA XAVIER               RUA: ALFREDO MANSUR                     MORRO GAMA  27150430BARRA DO PIRAI RJUNIAO UMB DOS CULTOS AFRO BRAS    22121710 000054
10231987175000168916200163100    00004005                     000040050000000000000109                     I024005      22121700000000350003410000017N171117104700000000000102212170000000000000000000000000000000000000000100074597035753LUCIMAR DE SOUZA DIAS                   RUA LIGIA MALAGUTI, 150                 BOMBAS DO GU26357000NOVA IGUACU    RJUNIAO UMB DOS CULTOS AFRO BRAS    22121710 000055
10231987175000168916200163100    00004003                     000040030000000000000109                     I024003      22121700000000350003410000017N171117104700000000000102212170000000000000000000000000000000000000000100077631765715ITAMAR COSTA DE ALMEIDA                 RUA, DOIS DE MAIO Nº 6 B - ATALAIA     CARTA COBR J24135000NITEROI        RJUNIAO UMB DOS CULTOS AFRO BRAS    22121710 000056
10231987175000168916200163100    00004002                     000040020000000000000109                     I024002      22121700000000350003410000017N171117104700000000000102212170000000000000000000000000000000000000000100092356443720GISLAINE DIAS OLIVEIRA                  RUA: ARTELE DANON N° 66 - DANON        CARTA COBR J26554760MESQUITA       RJUNIAO UMB DOS CULTOS AFRO BRAS    22121710 000057
10231987175000168916200163100    00004001                     000040010000000000000109                     I024001      22121700000000350003410000017N171117104700000000000102212170000000000000000000000000000000000000000100001580373755MARLENE REIS DE CARVALHO                RUA: JOAO RICARDO LOTE 2 QUADRA 8 CASA 1SAO GONCALO 24754080SAO GONCALO    RJUNIAO UMB DOS CULTOS AFRO BRAS    22121710 000058
10231987175000168916200163100    00003808                     000038080000000000000109                     I023808      22121700000000350003410000017N171117104700000000000102212170000000000000000000000000000000000000000100027788199753FABIO FERNANDES DE SOUZA                ESTRADA DE SAO FRANCISCO N 1585         SAO FRANCISC25900000MAGE           RJUNIAO UMB DOS CULTOS AFRO BRAS    22121710 000059
10231987175000168916200163100    00003752                     000037520000000000000109                     I023752      22121700000000350003410000017N171117104700000000000102212170000000000000000000000000000000000000000100037125893791ELIANA DOS SANTOS VITAL                 RUA CAPITAO VIEIRA Nº 96               TURIACU - RI21540330RIO DE JANEIRO RJUNIAO UMB DOS CULTOS AFRO BRAS    22121710 000060
10231987175000168916200163100    00003750                     000037500000000000000109                     I023750      22121700000000350003410000017N171117104700000000000102212170000000000000000000000000000000000000000200000000009372SILAS SOUZA ALSELMO                     RUA DO CANAVIAL N 207                   PARQUE ANTAR26053040NOVA IGUACU    RJUNIAO UMB DOS CULTOS AFRO BRAS    22121710 000061
10231987175000168916200163100    00003748                     000037480000000000000109                     I023748      22121700000000350003410000017N171117104700000000000102212170000000000000000000000000000000000000000100086101145700SARITA XAVIER DA SILVA PROENCA          RUA BEIRA RIO N 45                      SAO BENTO - 25045026DUQUE DE CAXIASRJUNIAO UMB DOS CULTOS AFRO BRAS    22121710 000062
10231987175000168916200163100    00003747                     000037470000000000000109                     I023747      22121700000000350003410000017N171117104700000000000102212170000000000000000000000000000000000000000200000000009363ANTONIO SANTOS DA SILVA                 RUA DAS BANANEIRAS N 42                 BARAO GUANDU26062188NOVA IGUACU    RJUNIAO UMB DOS CULTOS AFRO BRAS    22121710 000063
10231987175000168916200163100    00003746                     000037460000000000000109                     I023746      22121700000000350003410000017N171117104700000000000102212170000000000000000000000000000000000000000100041402685734ITAMAR DE OLIVEIRA FERREIRA             RUA AGRIPINO DE CAMPOS N 1016           MUTUA - SAO 24461320SAO GONCALO    RJUNIAO UMB DOS CULTOS AFRO BRAS    22121710 000064
10231987175000168916200163100    00003745                     000037450000000000000109                     I023745      22121700000000350003410000017N171117104700000000000102212170000000000000000000000000000000000000000100067160891791ELIZABETH VIEGAS GUALHANO               RUA MARIZ DE BARROS N 272 APT° 302     PRACA DA BAN20785330RIO DE JANEIRO RJUNIAO UMB DOS CULTOS AFRO BRAS    22121710 000065
10231987175000168916200163100    00003744                     000037440000000000000109                     I023744      22121700000000350003410000017N171117104700000000000102212170000000000000000000000000000000000000000100003661917100DUCILENE MADEIRA VIEIRA                 AVENIDA ZELINHA N 362                   JARDIM NAZAR25915000MAGE           RJUNIAO UMB DOS CULTOS AFRO BRAS    22121710 000066
10231987175000168916200163100    00003743                     000037430000000000000109                     I023743      22121700000000350003410000017N171117104700000000000102212170000000000000000000000000000000000000000100068754485720LUCIA DA CONCEICAO GREGORIO             RUA PAULO OLIVEIRA DE CARVALHO N 56     VILA SAO LUI26012510NOVA IGUACU    RJUNIAO UMB DOS CULTOS AFRO BRAS    22121710 000067
10231987175000168916200163100    00003494                     000034940000000000000109                     I023494      22121700000000350003410000017N171117104700000000000102212170000000000000000000000000000000000000000100046745467704MARIA DA CONCEICAO COELHO DE S          RUA DAVI CAPISTRANO DA COSTA N 52 CASA 1CONJUNTO GOU23587330PACIENCIA      RJUNIAO UMB DOS CULTOS AFRO BRAS    22121710 000068
10231987175000168916200163100    00003491                     000034910000000000000109                     I023491      22121700000000350003410000017N171117104700000000000102212170000000000000000000000000000000000000000100060157160610JOSE ANTONIO COUTINHO                   O MESMO                                 O MESMO     22710000RIO DE JANEIRO RJUNIAO UMB DOS CULTOS AFRO BRAS    22121710 000069
10231987175000168916200163100    00003490                     000034900000000000000109                     I023490      22121700000000350003410000017N171117104700000000000102212170000000000000000000000000000000000000000100001295514737DANUZA JEREMIAS DA SILVA                RUA JOAQUIM RAFAEL, 957                 COELHO - SAO24740020SAO GONCALO    RJUNIAO UMB DOS CULTOS AFRO BRAS    22121710 000070
10231987175000168916200163100    00003489                     000034890000000000000109                     I023489      22121700000000350003410000017N171117104700000000000102212170000000000000000000000000000000000000000200000000002460EVA ANA ROSA DOS SANTOS                 O MESMO                                 O MESMO     23066080RIO DE JANEIRO RJUNIAO UMB DOS CULTOS AFRO BRAS    22121710 000071
10231987175000168916200163100    00003488                     000034880000000000000109                     I023488      22121700000000350003410000017N171117104700000000000102212170000000000000000000000000000000000000000100059272570700VERA LUCIA LIMA SILVA                   O MESMO                                 O MESMO     22723510RIO DE JANEIRO RJUNIAO UMB DOS CULTOS AFRO BRAS    22121710 000072
10231987175000168916200163100    00003487                     000034870000000000000109                     I023487      22121700000000350003410000017N171117104700000000000102212170000000000000000000000000000000000000000100072090499753JOSEFINA PAULINA RODRIGUES              RUA JOAQUIM SOARES NETO, 416            NOVA AMERICA26021560NOVA IGUACU    RJUNIAO UMB DOS CULTOS AFRO BRAS    22121710 000073
10231987175000168916200163100    00003467                     000034670000000000000109                     I023467      22121700000000350003410000017N171117104700000000000102212170000000000000000000000000000000000000000100004455965700MARIA DE LOURDES SOARES DA SIL          ESTRADA RJ 127 KM 25                    ALTO DO CHAF26650000PAULO DE FRONTIRJUNIAO UMB DOS CULTOS AFRO BRAS    22121710 000074
10231987175000168916200163100    00003240                     000032400000000000000109                     I023240      22121700000000350003410000017N171117104700000000000102212170000000000000000000000000000000000000000100078759676787VANDA LUCIA LIMA DA SILVA               RUA ALMIRANTE JUSTINO PROENCA, 395      CAMPO GRANDE23090310RIO DE JANEIRO RJUNIAO UMB DOS CULTOS AFRO BRAS    22121710 000075
10231987175000168916200163100    00003238                     000032380000000000000109                     I023238      22121700000000350003410000017N171117104700000000000102212170000000000000000000000000000000000000000200000000006267MANOELINA MARIANA DA SILVA RIB          O MESMO                                 O MESMO     26540120NILOPOLIS      RJUNIAO UMB DOS CULTOS AFRO BRAS    22121710 000076
10231987175000168916200163100    00003237                     000032370000000000000109                     I023237      22121700000000350003410000017N171117104700000000000102212170000000000000000000000000000000000000000100066822521704FATIMA DE MATTOS VIEIRA                 ESTRADA DO PONTAL, 3905                 RECREIO DOS 22785560RIO DE JANEIRO RJUNIAO UMB DOS CULTOS AFRO BRAS    22121710 000077
10231987175000168916200163100    00003236                     000032360000000000000109                     I023236      22121700000000350003410000017N171117104700000000000102212170000000000000000000000000000000000000000100078991455700MARY LUCIA PEREIRA DA SILVA             RUA MONODORA, 95                        GARDENIA AZU22765590RIO DE JANEIRO RJUNIAO UMB DOS CULTOS AFRO BRAS    22121710 000078
10231987175000168916200163100    00003235                     000032350000000000000109                     I023235      22121700000000350003410000017N171117104700000000000102212170000000000000000000000000000000000000000200000000005779SANDRA MARIA DOS SANTOS DA SIL          RUA AMILTON FERNANDES, 77 - JARDIM NOVO REALENGO - R21760370RIO DE JANEIRO RJUNIAO UMB DOS CULTOS AFRO BRAS    22121710 000079
10231987175000168916200163100    00003233                     000032330000000000000109                     I023233      22121700000000350003410000017N171117104700000000000102212170000000000000000000000000000000000000000100011039470793ZENY FILIPPE DE CASTRO                  RUA PROFESSOR PLINIO OLINDO, 102        PADRE MIGUEL21860160RIO DE JANEIRO RJUNIAO UMB DOS CULTOS AFRO BRAS    22121710 000080
10231987175000168916200163100    00003230                     000032300000000000000109                     I023230      22121700000000350003410000017N171117104700000000000102212170000000000000000000000000000000000000000200000000006204MARIA DAS DORES SANTOS                  ESTRADA DO AREAL, 4                     BOA VISTA DA27165000BARRA DO PIRAI RJUNIAO UMB DOS CULTOS AFRO BRAS    22121710 000081
10231987175000168916200163100    00002867                     000028670000000000000109                     I022867      31121700000000035003410000017N131117104700000000000103112170000000000000000000000000000000000000000100016212777713TAYNARA LUZIA SILVA SOUZA               RODOVIA LUCIO MEIRA, 45772 - KM 249 BR-3MINUANO - BA27115190BARRA DO PIRAI RJUNIAO UMB DOS CULTOS AFRO BRAS    31121710 000082
10231987175000168916200163100    00002614                     000026140000000000000109                     I342614      31121700000000035003410000017N131117104700000000000103112170000000000000000000000000000000000000000100009805565700THIAGO DOS SANTOS FLOR DA SILV          RUA JOAO LUSO, 423                      REALENGO-RJ 21765620RIO DE JANEIRO RJUNIAO UMB DOS CULTOS AFRO BRAS    31121710 000083
10231987175000168916200163100    00002260                     000022600000000000000109                     I022260      31121700000000035003410000017N131117104700000000000103112170000000000000000000000000000000000000000100086101145700SARITA XAVIER DA SILVA PROENCA          RUA BEIRA RIO N 45                      SAO BENTO - 25045026DUQUE DE CAXIASRJUNIAO UMB DOS CULTOS AFRO BRAS    31121710 000084
9                                                                                                                                                                                                                                                                                                                                                                                                         000085
