01REMESSA01COBRANCA       916200163100        União Umb dos Cultos Afro Bra341BANCO ITAU SA  030918                                                                                                                                                                                                                                                                                                      000001
10231987175000168916200163100    000028657                    000286570000000000000109                     I0128657     10091800000000070003410000017N030918104700000000000101009180000000000000000000000000000000000000000100088469212753NEIDE CARVALHO D ANGELO                 RUA GENERAL TRAUMATURGO                 VILA ROSARIO25040010DUQUE DE CAXIASRJUNIAO UMB DOS CULTOS AFRO BRAS    10091810 000002
10231987175000168916200163100    000028656                    000286560000000000000109                     I0128656     20091800000000245003410000017N030918104700000000000102009180000000000000000000000000000000000000000100001084586797ANA GLORIA NONATO CASTILHO              RUA ANTONIO JOSE DE MORAES N°210 FUNDOSPAVUNA - RJ 25515140RIO DE JANEIRO RJUNIAO UMB DOS CULTOS AFRO BRAS    20091810 000003
10231987175000168916200163100    000028655                    000286550000000000000109                     I0128655     30111800000000040003410000017N030918104700000000000103011180000000000000000000000000000000000000000100001493061795MARCIO NUNES BARBOSA                    RUA: BELA                               SAO CRISTOVA20930380RIO DE JANEIRO RJUNIAO UMB DOS CULTOS AFRO BRAS    30111810 000004
10231987175000168916200163100    000028654                    000286540000000000000109                     I0128654     31101800000000040003410000017N030918104700000000000103110180000000000000000000000000000000000000000100001493061795MARCIO NUNES BARBOSA                    RUA: BELA                               SAO CRISTOVA20930380RIO DE JANEIRO RJUNIAO UMB DOS CULTOS AFRO BRAS    31101810 000005
10231987175000168916200163100    000028653                    000286530000000000000109                     I0128653     28091800000000040003410000017N030918104700000000000102809180000000000000000000000000000000000000000100001493061795MARCIO NUNES BARBOSA                    RUA: BELA                               SAO CRISTOVA20930380RIO DE JANEIRO RJUNIAO UMB DOS CULTOS AFRO BRAS    28091810 000006
10231987175000168916200163100    000028652                    000286520000000000000109                     I0128652     30091800000000350003410000017N030918104700000000000103009180000000000000000000000000000000000000000100090158601734ANDRILEA PEREIRA BAPTISTA               RUA TELEFONICA                          JARDIM METRO25575080SAO JOAO DE MERRJUNIAO UMB DOS CULTOS AFRO BRAS    30091810 000007
10231987175000168916200163100    000028651                    000286510000000000000109                     I0128651     10091800000000035003410000017N030918104700000000000101009180000000000000000000000000000000000000000100082272964753ALBANO TEIXEIRA NOVAES FILHO            10/11/1964                              JARDIM ALVOR26265550NOVA IGUACU    RJUNIAO UMB DOS CULTOS AFRO BRAS    10091810 000008
10231987175000168916200163100    000028650                    000286500000000000000109                     I0128650     14091800000000070003410000017N030918104700000000000101409180000000000000000000000000000000000000000100049490087734DIRCE MARA DE OLIVEIRA PAULA            RUA: OTILIO LIMA                        SANTA LUZIA 24721490SAO GONCALO    RJUNIAO UMB DOS CULTOS AFRO BRAS    14091810 000009
10231987175000168916200163100    000028649                    000286490000000000000109                     I0128649     30111800000000035003410000017N030918104700000000000103011180000000000000000000000000000000000000000100008350095725LUIZ LUCIANO ADAO                       RUA: ALAGOAS                            SANTA CRUZ D25255070DUQUE DE CAXIASRJUNIAO UMB DOS CULTOS AFRO BRAS    30111810 000010
10231987175000168916200163100    000028648                    000286480000000000000109                     I0128648     30101800000000035003410000017N030918104700000000000103010180000000000000000000000000000000000000000100008350095725LUIZ LUCIANO ADAO                       RUA: ALAGOAS                            SANTA CRUZ D25255070DUQUE DE CAXIASRJUNIAO UMB DOS CULTOS AFRO BRAS    30101810 000011
10231987175000168916200163100    000028647                    000286470000000000000109                     I0128647     30091800000000035003410000017N030918104700000000000103009180000000000000000000000000000000000000000100008350095725LUIZ LUCIANO ADAO                       RUA: ALAGOAS                            SANTA CRUZ D25255070DUQUE DE CAXIASRJUNIAO UMB DOS CULTOS AFRO BRAS    30091810 000012
10231987175000168916200163100    000028646                    000286460000000000000109                     I0128646     30111800000000030003410000017N030918104700000000000103011180000000000000000000000000000000000000000100003389142770VANIA VIEIRA                            RUA: NAMUR                              VILA VALQUEI21330600RIO DE JANEIRO RJUNIAO UMB DOS CULTOS AFRO BRAS    30111810 000013
10231987175000168916200163100    000028645                    000286450000000000000109                     I0128645     30101800000000030003410000017N030918104700000000000103010180000000000000000000000000000000000000000100003389142770VANIA VIEIRA                            RUA: NAMUR                              VILA VALQUEI21330600RIO DE JANEIRO RJUNIAO UMB DOS CULTOS AFRO BRAS    30101810 000014
10231987175000168916200163100    000028644                    000286440000000000000109                     I0128644     30091800000000030003410000017N030918104700000000000103009180000000000000000000000000000000000000000100003389142770VANIA VIEIRA                            RUA: NAMUR                              VILA VALQUEI21330600RIO DE JANEIRO RJUNIAO UMB DOS CULTOS AFRO BRAS    30091810 000015
10231987175000168916200163100    000028643                    000286430000000000000109                     I0128643     20091800000000140003410000017N030918104700000000000102009180000000000000000000000000000000000000000100002349584720UANDERSON MARTINS DE PAULA              RUA MUNIZ E BARROS                      RIO D OURO  26910000MIGUEL PEREIRA RJUNIAO UMB DOS CULTOS AFRO BRAS    20091810 000016
10231987175000168916200163100    000028642                    000286420000000000000109                     I0128642     30091800000000210003410000017N310818104700000000000103009180000000000000000000000000000000000000000100001413305709LUCIO MAURO DE AQUINO BARBOSA           RUA FAIA, 455                           ROCHA MIRAND21545110RIO DE JANEIRO RJUNIAO UMB DOS CULTOS AFRO BRAS    30091810 000017
10231987175000168916200163100    000028641                    000286410000000000000109                     I0128641     15091800000000210003410000017N310818104700000000000101509180000000000000000000000000000000000000000100001413305709LUCIO MAURO DE AQUINO BARBOSA           RUA FAIA, 455                           ROCHA MIRAND21545110RIO DE JANEIRO RJUNIAO UMB DOS CULTOS AFRO BRAS    15091810 000018
10231987175000168916200163100    000028640                    000286400000000000000109                     I0128640     10091800000000070003410000017N310818104700000000000101009180000000000000000000000000000000000000000100003601608758NILDA MAURA RODRIGUES DE JESUS          RUA ARI VILAR                           COSTA BARROS21520860RIO DE JANEIRO RJUNIAO UMB DOS CULTOS AFRO BRAS    10091810 000019
10231987175000168916200163100    000028639                    000286390000000000000109                     I0128639     07091800000000035003410000017N310818104700000000000100709180000000000000000000000000000000000000000100003386212700ANDRE LUIZ DINIZ CARDOSO                RUA CORDOVIL,                           PARADA DE LU21250450RIO DE JANEIRO RJUNIAO UMB DOS CULTOS AFRO BRAS    07091810 000020
10231987175000168916200163100    000028638                    000286380000000000000109                     I0128638     07091800000000035003410000017N310818104700000000000100709180000000000000000000000000000000000000000100003386212700ANDRE LUIZ DINIZ CARDOSO                RUA CORDOVIL,                           PARADA DE LU21250450RIO DE JANEIRO RJUNIAO UMB DOS CULTOS AFRO BRAS    07091810 000021
10231987175000168916200163100    000028637                    000286370000000000000109                     I0128637     14091800000000315003410000017N310818104700000000000101409180000000000000000000000000000000000000000100003737351708TANIA PAULA DOS SANTOS                  RUA PREFEITO JOAO CARLOS VITAL          SEPETIBA    23540041RIO DE JANEIRO RJUNIAO UMB DOS CULTOS AFRO BRAS    14091810 000022
10231987175000168916200163100    000028636                    000286360000000000000109                     I0128636     10091800000000803993410000017N310818104700000000000101009180000000000000000000000000000000000000000100099608421420NEHILTON ANTONIO DOS SANTOS             RUA: ALCIDES MAIA                       BENTO RIBEIR21550560RIO DE JANEIRO RJUNIAO UMB DOS CULTOS AFRO BRAS    10091810 000023
10231987175000168916200163100    000028635                    000286350000000000000109                     I0128635     10091800000000010003410000017N310818104700000000000101009180000000000000000000000000000000000000000100009242954730RENATO DELEON GUEDES ALVES              RUA: ALCIDES MAIA                       BENTO RIBEIR21550560RIO DE JANEIRO RJUNIAO UMB DOS CULTOS AFRO BRAS    10091810 000024
10231987175000168916200163100    000028634                    000286340000000000000109                     I0128634     10091800000000830263410000017N310818104700000000000101009180000000000000000000000000000000000000000100013946879772ALDENI ALBENORA DA SILVA                RUA: JOAO DANIEL                        BENTO RIBEIR21550480RIO DE JANEIRO RJUNIAO UMB DOS CULTOS AFRO BRAS    10091810 000025
10231987175000168916200163100    000028633                    000286330000000000000109                     I0128633     10091800000000884323410000017N310818104700000000000101009180000000000000000000000000000000000000000100049547410768ROSELI DE SAO JOSE MOREIRA              RUA: ALCIDES MAIA                       BENTO RIBEIR21550560RIO DE JANEIRO RJUNIAO UMB DOS CULTOS AFRO BRAS    10091810 000026
10231987175000168916200163100    000028632                    000286320000000000000109                     I0128632     10091800000000760063410000017N310818104700000000000101009180000000000000000000000000000000000000000100000000000000ANA PAULA SILVA BARBOSA                 RUA: ALCIDES MAIA                       BENTO RIBEIR21550560RIO DE JANEIRO RJUNIAO UMB DOS CULTOS AFRO BRAS    10091810 000027
10231987175000168916200163100    000028631                    000286310000000000000109                     I0128631     10091800000001200003410000017N310818104700000000000101009180000000000000000000000000000000000000000100012701486726MARIANA MAGALHAES DE C. J. I.           RUA: SALOMAO FILHO                      MARECHAL HER21331660RIO DE JANEIRO RJUNIAO UMB DOS CULTOS AFRO BRAS    10091810 000028
10231987175000168916200163100    000028630                    000286300000000000000109                     I0128630     10091800000000530263410000017N310818104700000000000101009180000000000000000000000000000000000000000100093728467791ALEX DE SOUZA MARTINS                   RUA: JOAO DANIEL                        BENTO RIBEIR21550480RIO DE JANEIRO RJUNIAO UMB DOS CULTOS AFRO BRAS    10091810 000029
10231987175000168916200163100    000028629                    000286290000000000000109                     I0128629     10091800000000420933410000017N310818104700000000000101009180000000000000000000000000000000000000000100068760680725ANNA LUCIA DE SOUZA                     RUA: JOAO DANIEL                        BENTO RIBEIR21550480RIO DE JANEIRO RJUNIAO UMB DOS CULTOS AFRO BRAS    10091810 000030
10231987175000168916200163100    000028628                    000286280000000000000109                     I0128628     10091800000000595263410000017N310818104700000000000101009180000000000000000000000000000000000000000100078566738772MARINA SOARES DA SILVA                  RUA: JOAO DANIEL                        BENTO RIBEIR21550480RIO DE JANEIRO RJUNIAO UMB DOS CULTOS AFRO BRAS    10091810 000031
10231987175000168916200163100    000028627                    000286270000000000000109                     I0128627     10091800000000300933410000017N310818104700000000000101009180000000000000000000000000000000000000000100068760680725ANNA LUCIA DE SOUZA                     RUA: JOAO DANIEL                        BENTO RIBEIR21550480RIO DE JANEIRO RJUNIAO UMB DOS CULTOS AFRO BRAS    10091810 000032
10231987175000168916200163100    000028626                    000286260000000000000109                     I0128626     10091800000000765263410000017N310818104700000000000101009180000000000000000000000000000000000000000100082228507768IARA LUCIA RIBEIRO QUINTINO             RUA: JOAO DANIEL                        BENTO RIBEIR21550480RIO DE JANEIRO RJUNIAO UMB DOS CULTOS AFRO BRAS    10091810 000033
10231987175000168916200163100    000028625                    000286250000000000000109                     I0128625     10091800000000574263410000017N310818104700000000000101009180000000000000000000000000000000000000000100007854516766NATALIE SILVA DE LIMA                   RUA: JOAO DANIEL                        BENTO RIBEIR21550480RIO DE JANEIRO RJUNIAO UMB DOS CULTOS AFRO BRAS    10091810 000034
10231987175000168916200163100    000028624                    000286240000000000000109                     I0128624     10091800000000703993410000017N310818104700000000000101009180000000000000000000000000000000000000000100001061174751SAMUEL ANTONIO TRINDADE                 RUA: ALCIDES MAIA                       BENTO RIBEIR21550560RIO DE JANEIRO RJUNIAO UMB DOS CULTOS AFRO BRAS    10091810 000035
10231987175000168916200163100    000028623                    000286230000000000000109                     I0128623     10091800000000040003410000017N310818104700000000000101009180000000000000000000000000000000000000000100004245577703FERNANDA MEDEIROS VIANA                 RUA TOROPI  LOTE 7 QUADRA 29 FUNDOS     HELIOPOLIS  26123380BELFORD ROXO   RJUNIAO UMB DOS CULTOS AFRO BRAS    10091810 000036
10231987175000168916200163100    000028622                    000286220000000000000109                     I0128622     05091800000000035003410000017N310818104700000000000100509180000000000000000000000000000000000000000100000640795706CELIA REGINA ALVES DE SOUZA CO          RUA QUARENTA E SETE                     JARDIM ITAMB24725240SAO GONCALO    RJUNIAO UMB DOS CULTOS AFRO BRAS    05091810 000037
10231987175000168916200163100    000028621                    000286210000000000000109                     I0128621     20121800000000035003410000017N310818104700000000000102012180000000000000000000000000000000000000000100008560350764EMANUELE DE FARIA CARVALHO DOS          RUA FLORESTA DO SUL                     GUARATIBA   23028512RIO DE JANEIRO RJUNIAO UMB DOS CULTOS AFRO BRAS    20121810 000038
10231987175000168916200163100    000020993                    000209930000000000000109                     I3420993     31081800000000035003410000017N150518104700000000000103108180000000000000000000000000000000000000000100007040620707MONICA BORGES MATTOS                    RUA INHAMUNS                            VILA VALQUEI21321330RIO DE JANEIRO RJUNIAO UMB DOS CULTOS AFRO BRAS    31081810 000039
10231987175000168916200163100    000020854                    000208540000000000000109                     I0220854     30081800000000035003410000017N090518104700000000000103008180000000000000000000000000000000000000000100008204291710STANLEY RODRIGO SILVA BOEHLER           RUA CARLOS DE CAMPOS                    VILA SAPE - 25275230DUQUE DE CAXIASRJUNIAO UMB DOS CULTOS AFRO BRAS    30081810 000040
10231987175000168916200163100    000020673                    000206730000000000000109                     I0220673     30081800000000035003410000017N070518104700000000000103008180000000000000000000000000000000000000000100016618405742MILTON CARLOS JUNIO QUINTANILH          RUA SEIS                                PARADA MORAB25265000DUQUE DE CAXIASRJUNIAO UMB DOS CULTOS AFRO BRAS    30081810 000041
10231987175000168916200163100    000020552                    000205520000000000000109                     I3420552     30081800000000035003410000017N070518104700000000000103008180000000000000000000000000000000000000000100009199332701LUANDA MOREIRA DOS SANTOS FERN          RUA: EMILIA BORBA                       SURUI       21235620RIO DE JANEIRO RJUNIAO UMB DOS CULTOS AFRO BRAS    30081810 000042
10231987175000168916200163100    000020506                    000205060000000000000109                     I0220506     30081800000000035003410000017N070518104700000000000103008180000000000000000000000000000000000000000100001084586797ANA GLORIA NONATO CASTILHO              RUA ANTONIO JOSE DE MORAES N°210 FUNDOSPAVUNA - RJ 25515140RIO DE JANEIRO RJUNIAO UMB DOS CULTOS AFRO BRAS    30081810 000043
10231987175000168916200163100    000020146                    000201460000000000000109                     I0220146     30081800000000035003410000017N070518104700000000000103008180000000000000000000000000000000000000000100098077899749WANDERLEY PACHECO                       RUA NOSSA SENHORA DA CONCEICAO          PILAR       25233070DUQUE DE CAXIASRJUNIAO UMB DOS CULTOS AFRO BRAS    30081810 000044
10231987175000168916200163100    000020051                    000200510000000000000109                     I0220051     30081800000000035003410000017N070518104700000000000103008180000000000000000000000000000000000000000100002349584720UANDERSON MARTINS DE PAULA              RUA MUNIZ E BARROS                      RIO D OURO  26910000MIGUEL PEREIRA RJUNIAO UMB DOS CULTOS AFRO BRAS    30081810 000045
10231987175000168916200163100    000019630                    000196300000000000000109                     I0219630     30081800000000035003410000017N070518104700000000000103008180000000000000000000000000000000000000000100088469212753NEIDE CARVALHO D ANGELO                 RUA GENERAL TRAUMATURGO                 VILA ROSARIO25040010DUQUE DE CAXIASRJUNIAO UMB DOS CULTOS AFRO BRAS    30081810 000046
10231987175000168916200163100    000019361                    000193610000000000000109                     I3419361     30081800000000035003410000017N070518104700000000000103008180000000000000000000000000000000000000000100095274987753PAULO SERGIO BARBOSA DA CUNHA           RUA: DAS BORBOLETAS Nº 21 E 22 - BANGU RIO DE JANEI21866030RIO DE JANEIRO RJUNIAO UMB DOS CULTOS AFRO BRAS    30081810 000047
10231987175000168916200163100    000018936                    000189360000000000000109                     I0218936     30071800000000035003410000017N070518104700000000000103007180000000000000000000000000000000000000000100001084586797ANA GLORIA NONATO CASTILHO              RUA ANTONIO JOSE DE MORAES N°210 FUNDOSPAVUNA - RJ 25515140RIO DE JANEIRO RJUNIAO UMB DOS CULTOS AFRO BRAS    30071810 000048
10231987175000168916200163100    000018576                    000185760000000000000109                     I0218576     30071800000000035003410000017N070518104700000000000103007180000000000000000000000000000000000000000100098077899749WANDERLEY PACHECO                       RUA NOSSA SENHORA DA CONCEICAO          PILAR       25233070DUQUE DE CAXIASRJUNIAO UMB DOS CULTOS AFRO BRAS    30071810 000049
10231987175000168916200163100    000018060                    000180600000000000000109                     I0218060     30071800000000035003410000017N070518104700000000000103007180000000000000000000000000000000000000000100088469212753NEIDE CARVALHO D ANGELO                 RUA GENERAL TRAUMATURGO                 VILA ROSARIO25040010DUQUE DE CAXIASRJUNIAO UMB DOS CULTOS AFRO BRAS    30071810 000050
10231987175000168916200163100    000017842                    000178420000000000000109                     I0217842     30071800000000035003410000017N070518104700000000000103007180000000000000000000000000000000000000000100087969998704ROBERTO LUIZ MEDEIROS                   RUA OLIMPIO                             HELIOPOLIS  26125215BELFORD ROXO   RJUNIAO UMB DOS CULTOS AFRO BRAS    30071810 000051
10231987175000168916200163100    000017682                    000176820000000000000109                     I0217682     30071800000000040003410000017N070518104700000000000103007180000000000000000000000000000000000000000100004245577703FERNANDA MEDEIROS VIANA                 RUA TOROPI  LOTE 7 QUADRA 29 FUNDOS     HELIOPOLIS  26123380BELFORD ROXO   RJUNIAO UMB DOS CULTOS AFRO BRAS    30071810 000052
10231987175000168916200163100    000015971                    000159710000000000000109                     I0215971     16081800000000035003410000017N070518104700000000000101608180000000000000000000000000000000000000000100000640795706CELIA REGINA ALVES DE SOUZA CO          RUA QUARENTA E SETE                     JARDIM ITAMB24725240SAO GONCALO    RJUNIAO UMB DOS CULTOS AFRO BRAS    16081810 000053
9                                                                                                                                                                                                                                                                                                                                                                                                         000054
