01REMESSA01COBRANCA       916200163100        União Umb dos Cultos Afro Bra341BANCO ITAU SA  070519                                                                                                                                                                                                                                                                                                      000001
10231987175000168916200163100    000045245                    000452450000000000000109                     I0145245     30051900000000080003410000017N070519105700000000000103005190000000000000000000000000000000000000000100002428372718JOSIMARA MOREIRA COSTA                  RUA FERNAO CARDIMN 161, BLOCO 1 APTº 41ENGENHO DE D20771020RIO DE JANEIRO RJUNIAO UMB DOS CULTOS AFRO BRAS    30051915 000002
10231987175000168916200163100    000045244                    000452440000000000000109                     I0145244     10081900000000080003410000017N070519105700000000000101008190000000000000000000000000000000000000000100001860329780VIVIANE DE PAULA AGNELO                 RUA DA VITORIAN 175,                    PARAISO     26297138NOVA IGUACU    RJUNIAO UMB DOS CULTOS AFRO BRAS    10081915 000003
10231987175000168916200163100    000045243                    000452430000000000000109                     I0145243     10071900000000080003410000017N070519105700000000000101007190000000000000000000000000000000000000000100001860329780VIVIANE DE PAULA AGNELO                 RUA DA VITORIAN 175,                    PARAISO     26297138NOVA IGUACU    RJUNIAO UMB DOS CULTOS AFRO BRAS    10071915 000004
10231987175000168916200163100    000045242                    000452420000000000000109                     I0145242     10061900000000080003410000017N070519105700000000000101006190000000000000000000000000000000000000000100001860329780VIVIANE DE PAULA AGNELO                 RUA DA VITORIAN 175,                    PARAISO     26297138NOVA IGUACU    RJUNIAO UMB DOS CULTOS AFRO BRAS    10061915 000005
10231987175000168916200163100    000045241                    000452410000000000000109                     I0145241     10051900000000080003410000017N070519105700000000000101005190000000000000000000000000000000000000000100001860329780VIVIANE DE PAULA AGNELO                 RUA DA VITORIAN 175,                    PARAISO     26297138NOVA IGUACU    RJUNIAO UMB DOS CULTOS AFRO BRAS    10051915 000006
10231987175000168916200163100    000045240                    000452400000000000000109                     I0145240     30051900000000700003410000017N070519105700000000000103005190000000000000000000000000000000000000000100010848973771ANDRE LUIZ DE OLIVEIRA CORNELI          TRAVESSA DA FEN 106, CASA 2             PADRE MIGUEL21775690RIO DE JANEIRO RJUNIAO UMB DOS CULTOS AFRO BRAS    30051915 000007
10231987175000168916200163100    000045239                    000452390000000000000109                     I0145239     28061900000000040003410000017N070519105700000000000102806190000000000000000000000000000000000000000100069221545768SERGIO MURILO ALVES DA SILVA            RUA MINHON 296, CASA 1                  DOS FERREIRA26185660BELFORD ROXO   RJUNIAO UMB DOS CULTOS AFRO BRAS    28061915 000008
10231987175000168916200163100    000045238                    000452380000000000000109                     I0145238     30051900000000080003410000017N070519105700000000000103005190000000000000000000000000000000000000000100093778244787GENEILDA RANGEL SMITH                   RUA MARIA LUIZA REIS  N 850, APT 104    ENGENHEIRO D25015045DUQUE DE CAXIASRJUNIAO UMB DOS CULTOS AFRO BRAS    30051915 000009
10231987175000168916200163100    000045237                    000452370000000000000109                     I0145237     30051900000000040003410000017N070519105700000000000103005190000000000000000000000000000000000000000100090326237704RILDO FERREIRA DA SILVA                 RUA SEABRAN 274,                        CAMPO GRANDE23045795RIO DE JANEIRO RJUNIAO UMB DOS CULTOS AFRO BRAS    30051915 000010
10231987175000168916200163100    000045236                    000452360000000000000109                     I0145236     30061900000000040003410000017N070519105700000000000103006190000000000000000000000000000000000000000100090326237704RILDO FERREIRA DA SILVA                 RUA SEABRAN 274,                        CAMPO GRANDE23045795RIO DE JANEIRO RJUNIAO UMB DOS CULTOS AFRO BRAS    30061915 000011
10231987175000168916200163100    000045235                    000452350000000000000109                     I0145235     10051900000000040003410000017N070519105700000000000101005190000000000000000000000000000000000000000100005541292727CAROLINA DA SILVA CARDOSO               RUA MONODORAN 552,                      GARDENIA AZU22765590RIO DE JANEIRO RJUNIAO UMB DOS CULTOS AFRO BRAS    10051915 000012
10231987175000168916200163100    000042988                    000429880000000000000109                     I0242988     30051900000000040003410000017N130319105700000000000103005190000000000000000000000000000000000000000100028095391700SERGIO GARCIA DE QUEIROZ                RUA MATO GROSSON 702,                   SANTA CECILI25957250TERESOPOLIS    RJUNIAO UMB DOS CULTOS AFRO BRAS    30051915 000013
10231987175000168916200163100    000041761                    000417610000000000000109                     I0241761     30051900000000040003410000017N130319105700000000000103005190000000000000000000000000000000000000000100007296951745PAULO FRANCISCO DA SILVA DANIE          RUA OTAWAN 407,                         VIGARIO GERA21241220RIO DE JANEIRO RJUNIAO UMB DOS CULTOS AFRO BRAS    30051915 000014
10231987175000168916200163100    000041346                    000413460000000000000109                     I0241346     30041900000000040003410000017N120319105700000000000103004190000000000000000000000000000000000000000100028095391700SERGIO GARCIA DE QUEIROZ                RUA MATO GROSSON 702,                   SANTA CECILI25957250TERESOPOLIS    RJUNIAO UMB DOS CULTOS AFRO BRAS    30041915 000015
10231987175000168916200163100    000041343                    000413430000000000000109                     I0241343     30041900000000040003410000017N120319105700000000000103004190000000000000000000000000000000000000000100003526002762HELOISA HELENA DE OLIVEIRA DA           RUA DOUTOR MUNIZN 81, CASA 3            CENTRO      26130020BELFORD ROXO   RJUNIAO UMB DOS CULTOS AFRO BRAS    30041915 000016
10231987175000168916200163100    000040675                    000406750000000000000109                     I0240675     30041900000000040003410000017N120319105700000000000103004190000000000000000000000000000000000000000100008664578796ATILA LARRICE GALDINO                   RUA MINERVINA NUNES DA COSTAN 238, FUNDOPARQUE ANCHI21635350RIO DE JANEIRO RJUNIAO UMB DOS CULTOS AFRO BRAS    30041915 000017
10231987175000168916200163100    000040128                    000401280000000000000109                     I0240128     30041900000000040003410000017N120319105700000000000103004190000000000000000000000000000000000000000100007296951745PAULO FRANCISCO DA SILVA DANIE          RUA OTAWAN 407,                         VIGARIO GERA21241220RIO DE JANEIRO RJUNIAO UMB DOS CULTOS AFRO BRAS    30041915 000018
10231987175000168916200163100    000039919                    000399190000000000000109                     I0239919     30041900000000040003410000017N120319105700000000000103004190000000000000000000000000000000000000000100005541292727CAROLINA DA SILVA CARDOSO               RUA MONODORAN 552,                      GARDENIA AZU22765590RIO DE JANEIRO RJUNIAO UMB DOS CULTOS AFRO BRAS    30041915 000019
9                                                                                                                                                                                                                                                                                                                                                                                                         000020
