01REMESSA01COBRANCA       817800093673        União Umb dos Cultos Afro Bra341BANCO ITAU SA  110418                                                                                                                                                                                                                                                                                                      000001
10231987175000168817800093673    000014348                    000143480000000000000109                     I0114348     13041800000000070003410000017N090418104700000000000101304180000000000000000000000000000000000000000100002626885738MARIA LUISA DIAS CRUZ                   RUA DIONISIO FERNANDES N 297 BLOCO 2 APTENGENHO DE D20730400RIO DE JANEIRO RJUNIAO UMB DOS CULTOS AFRO BRAS    13041810 000002
10231987175000168817800093673    000014347                    000143470000000000000109                     I0114347     20041800000000070003410000017N090418104700000000000102004180000000000000000000000000000000000000000100006193629793ALESSANDRA SANTOS DE OLIVEIRA           AVENIDA: FLEXEIRA N° 1085 - ENGENHEIRO JAPERI - RJ 26413250JAPERI         RJUNIAO UMB DOS CULTOS AFRO BRAS    20041810 000003
10231987175000168817800093673    000014321                    000143210000000000000109                     I3414321     09041800000000490003410000017N040418104700000000000100904180000000000000000000000000000000000000000100050825860768YEDA PEREIRA DA SILVA                   RUA TRINTA E QUATRO LOTE 22 QUADRA 180  CAMPO LINDO 23890000SEROPEDICA     RJUNIAO UMB DOS CULTOS AFRO BRAS    09041810 000004
10231987175000168817800093673    000013833                    000138330000000000000109                     I0213833     30051800000000035003410000017N200218104700000000000103005180000000000000000000000000000000000000000100008401319765ANDRE FERREIRA DE PAULA                 RUA AMERICO ROCHA N 1095 APT 201        MARECHAL HER21555300RIO DE JANEIRO RJUNIAO UMB DOS CULTOS AFRO BRAS    30051810 000005
10231987175000168817800093673    000013457                    000134570000000000000109                     I0213457     30051800000000035003410000017N200218104700000000000103005180000000000000000000000000000000000000000100001817781731JORGE LUIZ MENDES DA CUNHA              RUA  VASCO DA GAMA, 36                  CACHAMBI - R20771310RIO DE JANEIRO RJUNIAO UMB DOS CULTOS AFRO BRAS    30051810 000006
10231987175000168817800093673    000013164                    000131640000000000000109                     I0213164     30051800000000035003410000017N200218104700000000000103005180000000000000000000000000000000000000000100002871832706VILMA LUCI PENEDO DOS SANTOS            RUA OLINDA, SN QUADRA E LOTE 1          LAGOINHA - N26296453NOVA IGUACU    RJUNIAO UMB DOS CULTOS AFRO BRAS    30051810 000007
10231987175000168817800093673    000013161                    000131610000000000000109                     I0213161     30051800000000035003410000017N200218104700000000000103005180000000000000000000000000000000000000000100000934452709ROGERIO DOS SANTOS MAGALHAES            RUA KLEBER SANTOS DE CARVALHO,  QUADRA 2JARDIM IRES 25576261SAO JOAO DE MERRJUNIAO UMB DOS CULTOS AFRO BRAS    30051810 000008
10231987175000168817800093673    000013152                    000131520000000000000109                     I0213152     30051800000000035003410000017N200218104700000000000103005180000000000000000000000000000000000000000100098194542715MARCIA CRISTINA LEAL DA ROCHA           RUA PADRE ANCHIETA, 42                  ALTO DA SERR25635150PETROPOLIS     RJUNIAO UMB DOS CULTOS AFRO BRAS    30051810 000009
10231987175000168817800093673    000013137                    000131370000000000000109                     I0213137     30051800000000035003410000017N200218104700000000000103005180000000000000000000000000000000000000000100004764270706FLAVIO AILTON BRAGA FERREIRA            RUA CABURI, 11                          ROCHA MIRAND21550050RIO DE JANEIRO RJUNIAO UMB DOS CULTOS AFRO BRAS    30051810 000010
10231987175000168817800093673    000013127                    000131270000000000000109                     I0213127     30051800000000035003410000017N200218104700000000000103005180000000000000000000000000000000000000000100089448712715ADELINA GONCALVES                       AVENIDA JOAQUIM CAMARA FERREIRA, 687    VILA KENEDY 21850180RIO DE JANEIRO RJUNIAO UMB DOS CULTOS AFRO BRAS    30051810 000011
10231987175000168817800093673    000013026                    000130260000000000000109                     I0213026     30051800000000035003410000017N200218104700000000000103005180000000000000000000000000000000000000000100004462221788ALEXANDRO JULIO DE SOUZA                RUA CORURIPE, 410                       MARECHAL HER21555490RIO DE JANEIRO RJUNIAO UMB DOS CULTOS AFRO BRAS    30051810 000012
10231987175000168817800093673    000012988                    000129880000000000000109                     I0212988     30051800000000035003410000017N200218104700000000000103005180000000000000000000000000000000000000000100033151440797LAUDICEIA FERRO DOS SANTOS              RUA ADISABEL, LOTE 10 QUADRA 39         NOVA AURORA 26155110BELFORD ROXO   RJUNIAO UMB DOS CULTOS AFRO BRAS    30051810 000013
10231987175000168817800093673    000012976                    000129760000000000000109                     I0212976     30051800000000035003410000017N200218104700000000000103005180000000000000000000000000000000000000000100050825860768YEDA PEREIRA DA SILVA                   RUA TRINTA E QUATRO LOTE 22 QUADRA 180  CAMPO LINDO 23890000SEROPEDICA     RJUNIAO UMB DOS CULTOS AFRO BRAS    30051810 000014
10231987175000168817800093673    000012948                    000129480000000000000109                     I0212948     30051800000000035003410000017N200218104700000000000103005180000000000000000000000000000000000000000100054504430720ISABELA BARBOSA LIMA DA SILVA           RUA SOUSA BARROS N 106 A FUNDOS         ENGENHO NOVO20961150RIO DE JANEIRO RJUNIAO UMB DOS CULTOS AFRO BRAS    30051810 000015
10231987175000168817800093673    000012861                    000128610000000000000109                     I0212861     30051800000000035003410000017N200218104700000000000103005180000000000000000000000000000000000000000200000000008928GILMAR GAMMARO CARVALHO SRª            RUA GENERAL SEARA, 189                  CAROLINA - D25060010DUQUE CAXIAS   RJUNIAO UMB DOS CULTOS AFRO BRAS    30051810 000016
10231987175000168817800093673    000012761                    000127610000000000000109                     I0212761     30051800000000035003410000017N200218104700000000000103005180000000000000000000000000000000000000000100004471243748MARIA IEDA DE ALMEIDA DA SILVA          PRACA JOAO CAETANO, 23 LOTE 23 QUADRA 4 LAUREANO - D25065240DUQUE DE CAXIASRJUNIAO UMB DOS CULTOS AFRO BRAS    30051810 000017
10231987175000168817800093673    000012521                    000125210000000000000109                     I0212521     30051800000000035003410000017N200218104700000000000103005180000000000000000000000000000000000000000100001411697707FERNANDO CRUZ DE OLIVEIRA               RUA IBIRAPUITA N 328                    ROCHA MIRAND21510200RIO DE JANEIRO RJUNIAO UMB DOS CULTOS AFRO BRAS    30051810 000018
10231987175000168817800093673    000012304                    000123040000000000000109                     I3412304     30041800000000035003410000017N200218104700000000000103004180000000000000000000000000000000000000000100011497058767DIEGO FERREIRA DA SILVA                 PRIMEIRO DE MAIO                        IPIRANGA    26293480NOVA IGUACU    RJUNIAO UMB DOS CULTOS AFRO BRAS    30041810 000019
10231987175000168817800093673    000012281                    000122810000000000000109                     I0212281     30041800000000035003410000017N200218104700000000000103004180000000000000000000000000000000000000000100004253784704ALEXANDRE SIMOES NASCIMENTO             RUA SEBASTIAO DRUMOND N 179             ANCHIETA - R21640360RIO DE JANEIRO RJUNIAO UMB DOS CULTOS AFRO BRAS    30041810 000020
10231987175000168817800093673    000012224                    000122240000000000000109                     I0212224     30041800000000035003410000017N200218104700000000000103004180000000000000000000000000000000000000000100008401319765ANDRE FERREIRA DE PAULA                 RUA AMERICO ROCHA N 1095 APT 201        MARECHAL HER21555300RIO DE JANEIRO RJUNIAO UMB DOS CULTOS AFRO BRAS    30041810 000021
10231987175000168817800093673    000011848                    000118480000000000000109                     I0211848     30041800000000035003410000017N200218104700000000000103004180000000000000000000000000000000000000000100001817781731JORGE LUIZ MENDES DA CUNHA              RUA  VASCO DA GAMA, 36                  CACHAMBI - R20771310RIO DE JANEIRO RJUNIAO UMB DOS CULTOS AFRO BRAS    30041810 000022
10231987175000168817800093673    000011721                    000117210000000000000109                     I3411721     30041800000000035003410000017N200218104700000000000103004180000000000000000000000000000000000000000100002437606718FABIO VICTOR BARRETO                    RUA BARAO DE JAGUARI, 31                IRAJA - RIO 21235555RIO DE JANEIRO RJUNIAO UMB DOS CULTOS AFRO BRAS    30041810 000023
10231987175000168817800093673    000011697                    000116970000000000000109                     I0211697     30041800000000035003410000017N200218104700000000000103004180000000000000000000000000000000000000000100065753313787ELVIRA FLAUZINA CELSO                   RUA DA CONCEICAO, 112                   SANTA ROSA /27155000BARRA DO PIRAI RJUNIAO UMB DOS CULTOS AFRO BRAS    30041810 000024
10231987175000168817800093673    000011645                    000116450000000000000109                     I0211645     30041800000000035003410000017N200218104700000000000103004180000000000000000000000000000000000000000100070175225753LEDA FERREIRA FIGUEIREDO                O MESMO                                 O MESMO     21331420RIO DE JANEIRO RJUNIAO UMB DOS CULTOS AFRO BRAS    30041810 000025
10231987175000168817800093673    000011555                    000115550000000000000109                     I0211555     30041800000000035003410000017N200218104700000000000103004180000000000000000000000000000000000000000100002871832706VILMA LUCI PENEDO DOS SANTOS            RUA OLINDA, SN QUADRA E LOTE 1          LAGOINHA - N26296453NOVA IGUACU    RJUNIAO UMB DOS CULTOS AFRO BRAS    30041810 000026
10231987175000168817800093673    000011552                    000115520000000000000109                     I0211552     30041800000000035003410000017N200218104700000000000103004180000000000000000000000000000000000000000100000934452709ROGERIO DOS SANTOS MAGALHAES            RUA KLEBER SANTOS DE CARVALHO,  QUADRA 2JARDIM IRES 25576261SAO JOAO DE MERRJUNIAO UMB DOS CULTOS AFRO BRAS    30041810 000027
10231987175000168817800093673    000011543                    000115430000000000000109                     I0211543     30041800000000035003410000017N200218104700000000000103004180000000000000000000000000000000000000000100098194542715MARCIA CRISTINA LEAL DA ROCHA           RUA PADRE ANCHIETA, 42                  ALTO DA SERR25635150PETROPOLIS     RJUNIAO UMB DOS CULTOS AFRO BRAS    30041810 000028
10231987175000168817800093673    000011528                    000115280000000000000109                     I0211528     30041800000000035003410000017N200218104700000000000103004180000000000000000000000000000000000000000100004764270706FLAVIO AILTON BRAGA FERREIRA            RUA CABURI, 11                          ROCHA MIRAND21550050RIO DE JANEIRO RJUNIAO UMB DOS CULTOS AFRO BRAS    30041810 000029
10231987175000168817800093673    000011518                    000115180000000000000109                     I0211518     30041800000000035003410000017N200218104700000000000103004180000000000000000000000000000000000000000100089448712715ADELINA GONCALVES                       AVENIDA JOAQUIM CAMARA FERREIRA, 687    VILA KENEDY 21850180RIO DE JANEIRO RJUNIAO UMB DOS CULTOS AFRO BRAS    30041810 000030
10231987175000168817800093673    000011501                    000115010000000000000109                     I0211501     30041800000000035003410000017N200218104700000000000103004180000000000000000000000000000000000000000100003622363755LUCIENE DA SILVA                        RUA AMADIR LEITE, 106                   JARDIM MONTE26041620NOVA IGUACU    RJUNIAO UMB DOS CULTOS AFRO BRAS    30041810 000031
10231987175000168817800093673    000011379                    000113790000000000000109                     I0211379     30041800000000035003410000017N200218104700000000000103004180000000000000000000000000000000000000000100033151440797LAUDICEIA FERRO DOS SANTOS              RUA ADISABEL, LOTE 10 QUADRA 39         NOVA AURORA 26155110BELFORD ROXO   RJUNIAO UMB DOS CULTOS AFRO BRAS    30041810 000032
10231987175000168817800093673    000011367                    000113670000000000000109                     I0211367     30041800000000035003410000017N200218104700000000000103004180000000000000000000000000000000000000000100050825860768YEDA PEREIRA DA SILVA                   RUA TRINTA E QUATRO LOTE 22 QUADRA 180  CAMPO LINDO 23890000SEROPEDICA     RJUNIAO UMB DOS CULTOS AFRO BRAS    30041810 000033
10231987175000168817800093673    000011339                    000113390000000000000109                     I0211339     30041800000000035003410000017N200218104700000000000103004180000000000000000000000000000000000000000100054504430720ISABELA BARBOSA LIMA DA SILVA           RUA SOUSA BARROS N 106 A FUNDOS         ENGENHO NOVO20961150RIO DE JANEIRO RJUNIAO UMB DOS CULTOS AFRO BRAS    30041810 000034
10231987175000168817800093673    000011252                    000112520000000000000109                     I0211252     30041800000000035003410000017N200218104700000000000103004180000000000000000000000000000000000000000200000000008928GILMAR GAMMARO CARVALHO SRª            RUA GENERAL SEARA, 189                  CAROLINA - D25060010DUQUE CAXIAS   RJUNIAO UMB DOS CULTOS AFRO BRAS    30041810 000035
10231987175000168817800093673    000011203                    000112030000000000000109                     I0211203     30041800000000035003410000017N200218104700000000000103004180000000000000000000000000000000000000000100002978000783FABIO PINTO MANTUANO                    LAURA MARIA PINTO MANTUANO - MAE        CARTA ANISTI24900000MARICA         RJUNIAO UMB DOS CULTOS AFRO BRAS    30041810 000036
10231987175000168817800093673    000011152                    000111520000000000000109                     I0211152     30041800000000035003410000017N200218104700000000000103004180000000000000000000000000000000000000000100004471243748MARIA IEDA DE ALMEIDA DA SILVA          PRACA JOAO CAETANO, 23 LOTE 23 QUADRA 4 LAUREANO - D25065240DUQUE DE CAXIASRJUNIAO UMB DOS CULTOS AFRO BRAS    30041810 000037
10231987175000168817800093673    000011055                    000110550000000000000109                     I3411055     30041800000000035003410000017N200218104700000000000103004180000000000000000000000000000000000000000100008763637707JUSSARA SILVA DE ALBUQUERQUE            RUA: ARGOS Nº 281 FUNDOS - GUADALUPE   RIO DE JANEI21660050RIO DE JANEIRO RJUNIAO UMB DOS CULTOS AFRO BRAS    30041810 000038
10231987175000168817800093673    000010912                    000109120000000000000109                     I0210912     30041800000000035003410000017N200218104700000000000103004180000000000000000000000000000000000000000100001411697707FERNANDO CRUZ DE OLIVEIRA               RUA IBIRAPUITA N 328                    ROCHA MIRAND21510200RIO DE JANEIRO RJUNIAO UMB DOS CULTOS AFRO BRAS    30041810 000039
10231987175000168817800093673    000010695                    000106950000000000000109                     I0210695     30031800000000035003410000017N200218104700000000000103003180000000000000000000000000000000000000000100011497058767DIEGO FERREIRA DA SILVA                 PRIMEIRO DE MAIO                        IPIRANGA    26293480NOVA IGUACU    RJUNIAO UMB DOS CULTOS AFRO BRAS    30031810 000040
10231987175000168817800093673    000010672                    000106720000000000000109                     I0210672     30031800000000035003410000017N200218104700000000000103003180000000000000000000000000000000000000000100004253784704ALEXANDRE SIMOES NASCIMENTO             RUA SEBASTIAO DRUMOND N 179             ANCHIETA - R21640360RIO DE JANEIRO RJUNIAO UMB DOS CULTOS AFRO BRAS    30031810 000041
10231987175000168817800093673    000010615                    000106150000000000000109                     I0210615     30031800000000035003410000017N200218104700000000000103003180000000000000000000000000000000000000000100008401319765ANDRE FERREIRA DE PAULA                 RUA AMERICO ROCHA N 1095 APT 201        MARECHAL HER21555300RIO DE JANEIRO RJUNIAO UMB DOS CULTOS AFRO BRAS    30031810 000042
10231987175000168817800093673    000010507                    000105070000000000000109                     I0210507     30031800000000035003410000017N200218104700000000000103003180000000000000000000000000000000000000000100066514118704MARILIA GARCIA DA PAIXAO                RUA FRANCOLIM N 306                     GUADALUPE - 21660130RIO DE JANEIRO RJUNIAO UMB DOS CULTOS AFRO BRAS    30031810 000043
10231987175000168817800093673    000010255                    000102550000000000000109                     I0210255     30031800000000035003410000017N200218104700000000000103003180000000000000000000000000000000000000000100013180490756DIEGO CAVALCANTI DA SILVA               RUA CONDE DE RESENDE, 127               BENTO RIBEIR21550600RIO DE JANEIRO RJUNIAO UMB DOS CULTOS AFRO BRAS    30031810 000044
10231987175000168817800093673    000010239                    000102390000000000000109                     I0210239     30031800000000035003410000017N200218104700000000000103003180000000000000000000000000000000000000000100001817781731JORGE LUIZ MENDES DA CUNHA              RUA  VASCO DA GAMA, 36                  CACHAMBI - R20771310RIO DE JANEIRO RJUNIAO UMB DOS CULTOS AFRO BRAS    30031810 000045
10231987175000168817800093673    000010175                    000101750000000000000109                     I0210175     30031800000000035003410000017N200218104700000000000103003180000000000000000000000000000000000000000100001447704746MARCOS FAGUNDES MARTINS                 ESTRADA DA PEDRA, 167                   SANTA CRUZ  23520241RIO DE JANEIRO RJUNIAO UMB DOS CULTOS AFRO BRAS    30031810 000046
10231987175000168817800093673    000010173                    000101730000000000000109                     I0210173     30031800000000035003410000017N200218104700000000000103003180000000000000000000000000000000000000000100077217942772LUIZ CLAUDIO CONCEICAO MAIA             RUA DOUTOR THOUZET, 577 B - FUNDOS      QUITANDINHA 25650061PETROPOLIS     RJUNIAO UMB DOS CULTOS AFRO BRAS    30031810 000047
10231987175000168817800093673    000010161                    000101610000000000000109                     I0210161     30031800000000035003410000017N200218104700000000000103003180000000000000000000000000000000000000000100032955761420VRADELEIDE MARIA DOS SANTOS             ESTRADA MARACAJAS, 725 CASA 2 FUNDOS    ILHA DO GOVE21941390RIO DE JANEIRO RJUNIAO UMB DOS CULTOS AFRO BRAS    30031810 000048
10231987175000168817800093673    000010112                    000101120000000000000109                     I3410112     30031800000000035003410000017N200218104700000000000103003180000000000000000000000000000000000000000100002437606718FABIO VICTOR BARRETO                    RUA BARAO DE JAGUARI, 31                IRAJA - RIO 21235555RIO DE JANEIRO RJUNIAO UMB DOS CULTOS AFRO BRAS    30031810 000049
10231987175000168817800093673    000010111                    000101110000000000000109                     I0210111     30031800000000035003410000017N200218104700000000000103003180000000000000000000000000000000000000000100010591612739ROSEMERE SOUZA DA SILVA                 O MESMO                                 O MESMO     21230354RIO DE JANEIRO RJUNIAO UMB DOS CULTOS AFRO BRAS    30031810 000050
10231987175000168817800093673    000010110                    000101100000000000000109                     I0210110     30031800000000035003410000017N200218104700000000000103003180000000000000000000000000000000000000000100085953407734CARLA MARIA FERREIRA DA SILVA           RUA: JOSE MARIA DO AMARAL N 40          GUARATIBA - 23028120RIO DE JANEIRO RJUNIAO UMB DOS CULTOS AFRO BRAS    30031810 000051
10231987175000168817800093673    000010060                    000100600000000000000109                     I0210060     30031800000000035003410000017N200218104700000000000103003180000000000000000000000000000000000000000100099715554768ZARELDA DE SOUZA ESTEVAO                RUA: VALDOMIRO RAIMUNDO Nº 460 - COIMBRBARRA DO PIR27115270BARRA DO PIRAI RJUNIAO UMB DOS CULTOS AFRO BRAS    30031810 000052
10231987175000168817800093673    000010036                    000100360000000000000109                     I0210036     30031800000000035003410000017N200218104700000000000103003180000000000000000000000000000000000000000100070175225753LEDA FERREIRA FIGUEIREDO                O MESMO                                 O MESMO     21331420RIO DE JANEIRO RJUNIAO UMB DOS CULTOS AFRO BRAS    30031810 000053
10231987175000168817800093673    00009943                     000099430000000000000109                     I029943      30031800000000035003410000017N200218104700000000000103003180000000000000000000000000000000000000000100000934452709ROGERIO DOS SANTOS MAGALHAES            RUA KLEBER SANTOS DE CARVALHO,  QUADRA 2JARDIM IRES 25576261SAO JOAO DE MERRJUNIAO UMB DOS CULTOS AFRO BRAS    30031810 000054
10231987175000168817800093673    00009934                     000099340000000000000109                     I029934      30031800000000035003410000017N200218104700000000000103003180000000000000000000000000000000000000000100098194542715MARCIA CRISTINA LEAL DA ROCHA           RUA PADRE ANCHIETA, 42                  ALTO DA SERR25635150PETROPOLIS     RJUNIAO UMB DOS CULTOS AFRO BRAS    30031810 000055
10231987175000168817800093673    00009919                     000099190000000000000109                     I029919      30031800000000035003410000017N200218104700000000000103003180000000000000000000000000000000000000000100004764270706FLAVIO AILTON BRAGA FERREIRA            RUA CABURI, 11                          ROCHA MIRAND21550050RIO DE JANEIRO RJUNIAO UMB DOS CULTOS AFRO BRAS    30031810 000056
10231987175000168817800093673    00009909                     000099090000000000000109                     I029909      30031800000000035003410000017N200218104700000000000103003180000000000000000000000000000000000000000100089448712715ADELINA GONCALVES                       AVENIDA JOAQUIM CAMARA FERREIRA, 687    VILA KENEDY 21850180RIO DE JANEIRO RJUNIAO UMB DOS CULTOS AFRO BRAS    30031810 000057
10231987175000168817800093673    00009892                     000098920000000000000109                     I029892      30031800000000035003410000017N200218104700000000000103003180000000000000000000000000000000000000000100003622363755LUCIENE DA SILVA                        RUA AMADIR LEITE, 106                   JARDIM MONTE26041620NOVA IGUACU    RJUNIAO UMB DOS CULTOS AFRO BRAS    30031810 000058
10231987175000168817800093673    00009758                     000097580000000000000109                     I029758      30031800000000035003410000017N200218104700000000000103003180000000000000000000000000000000000000000100050825860768YEDA PEREIRA DA SILVA                   RUA TRINTA E QUATRO LOTE 22 QUADRA 180  CAMPO LINDO 23890000SEROPEDICA     RJUNIAO UMB DOS CULTOS AFRO BRAS    30031810 000059
10231987175000168817800093673    00009730                     000097300000000000000109                     I029730      30031800000000035003410000017N200218104700000000000103003180000000000000000000000000000000000000000100054504430720ISABELA BARBOSA LIMA DA SILVA           RUA SOUSA BARROS N 106 A FUNDOS         ENGENHO NOVO20961150RIO DE JANEIRO RJUNIAO UMB DOS CULTOS AFRO BRAS    30031810 000060
10231987175000168817800093673    00009695                     000096950000000000000109                     I029695      30031800000000035003410000017N200218104700000000000103003180000000000000000000000000000000000000000100002175979717CLAUDIA PILAR PERES SANTOS DE           RUA JOAO MACIEIRA N 20                  MADUREIRA - 21310090RIO DE JANEIRO RJUNIAO UMB DOS CULTOS AFRO BRAS    30031810 000061
10231987175000168817800093673    00009669                     000096690000000000000109                     I029669      30031800000000035003410000017N200218104700000000000103003180000000000000000000000000000000000000000100001256782742VANDA BARBOSA BASTOS                    RUA CERES, 1058                         BANGU - RIO 21862070RIO DE JANEIRO RJUNIAO UMB DOS CULTOS AFRO BRAS    30031810 000062
10231987175000168817800093673    00009643                     000096430000000000000109                     I029643      30031800000000035003410000017N200218104700000000000103003180000000000000000000000000000000000000000200000000008928GILMAR GAMMARO CARVALHO SRª            RUA GENERAL SEARA, 189                  CAROLINA - D25060010DUQUE CAXIAS   RJUNIAO UMB DOS CULTOS AFRO BRAS    30031810 000063
10231987175000168817800093673    00009594                     000095940000000000000109                     I029594      30031800000000035003410000017N200218104700000000000103003180000000000000000000000000000000000000000100002978000783FABIO PINTO MANTUANO                    LAURA MARIA PINTO MANTUANO - MAE        CARTA ANISTI24900000MARICA         RJUNIAO UMB DOS CULTOS AFRO BRAS    30031810 000064
10231987175000168817800093673    00009543                     000095430000000000000109                     I029543      30031800000000035003410000017N200218104700000000000103003180000000000000000000000000000000000000000100004471243748MARIA IEDA DE ALMEIDA DA SILVA          PRACA JOAO CAETANO, 23 LOTE 23 QUADRA 4 LAUREANO - D25065240DUQUE DE CAXIASRJUNIAO UMB DOS CULTOS AFRO BRAS    30031810 000065
10231987175000168817800093673    00009417                     000094170000000000000109                     I029417      30031800000000035003410000017N200218104700000000000103003180000000000000000000000000000000000000000100076744515772GELSON CORREA DE CARVALHO               RUA MANOEL MACHADO N 77                 VAZ LOBO - R21361090RIO DE JANEIRO RJUNIAO UMB DOS CULTOS AFRO BRAS    30031810 000066
10231987175000168817800093673    00009303                     000093030000000000000109                     I029303      30031800000000035003410000017N200218104700000000000103003180000000000000000000000000000000000000000100001411697707FERNANDO CRUZ DE OLIVEIRA               RUA IBIRAPUITA N 328                    ROCHA MIRAND21510200RIO DE JANEIRO RJUNIAO UMB DOS CULTOS AFRO BRAS    30031810 000067
10231987175000168817800093673    00008222                     000082220000000000000109                     I028222      28021800000000035003410000017N291217104700000000000102802180000000000000000000000000000000000000000100000934452709ROGERIO DOS SANTOS MAGALHAES            RUA KLEBER SANTOS DE CARVALHO,  QUADRA 2JARDIM IRES 25576261SAO JOAO DE MERRJUNIAO UMB DOS CULTOS AFRO BRAS    28021810 000068
10231987175000168817800093673    00008094                     000080940000000000000109                     I028094      28021800000000035003410000017N291217104700000000000102802180000000000000000000000000000000000000000200000000008928GILMAR GAMMARO CARVALHO SRª            RUA GENERAL SEARA, 189                  CAROLINA - D25060010DUQUE CAXIAS   RJUNIAO UMB DOS CULTOS AFRO BRAS    28021810 000069
10231987175000168817800093673    00008071                     000080710000000000000109                     I028071      28021800000000035003410000017N291217104700000000000102802180000000000000000000000000000000000000000100002978000783FABIO PINTO MANTUANO                    LAURA MARIA PINTO MANTUANO - MAE        CARTA ANISTI24900000MARICA         RJUNIAO UMB DOS CULTOS AFRO BRAS    28021810 000070
10231987175000168817800093673    00007240                     000072400000000000000109                     I027240      28021800000000035003410000017N271217104700000000000102802180000000000000000000000000000000000000000100008401319765ANDRE FERREIRA DE PAULA                 RUA AMERICO ROCHA N 1095 APT 201        MARECHAL HER21555300RIO DE JANEIRO RJUNIAO UMB DOS CULTOS AFRO BRAS    28021810 000071
10231987175000168817800093673    00007238                     000072380000000000000109                     I027238      28021800000000035003410000017N271217104700000000000102802180000000000000000000000000000000000000000100074171372704ELIANE DE SOUZA MACHADO                 RUA ROQUETE PINTO LOTE 22 QUADRA 290 CASJARDIM ANHAN25265200DUQUE DE CAXIASRJUNIAO UMB DOS CULTOS AFRO BRAS    28021810 000072
10231987175000168817800093673    00006911                     000069110000000000000109                     I026911      28021800000000035003410000017N271217104700000000000102802180000000000000000000000000000000000000000100013180490756DIEGO CAVALCANTI DA SILVA               RUA CONDE DE RESENDE, 127               BENTO RIBEIR21550600RIO DE JANEIRO RJUNIAO UMB DOS CULTOS AFRO BRAS    28021810 000073
10231987175000168817800093673    00006898                     000068980000000000000109                     I026898      28021800000000035003410000017N271217104700000000000102802180000000000000000000000000000000000000000100001817781731JORGE LUIZ MENDES DA CUNHA              RUA  VASCO DA GAMA, 36                  CACHAMBI - R20771310RIO DE JANEIRO RJUNIAO UMB DOS CULTOS AFRO BRAS    28021810 000074
10231987175000168817800093673    00006845                     000068450000000000000109                     I026845      15031800000000035003410000017N271217104700000000000101503180000000000000000000000000000000000000000100077217942772LUIZ CLAUDIO CONCEICAO MAIA             RUA DOUTOR THOUZET, 577 B - FUNDOS      QUITANDINHA 25650061PETROPOLIS     RJUNIAO UMB DOS CULTOS AFRO BRAS    15031810 000075
10231987175000168817800093673    00006836                     000068360000000000000109                     I026836      28021800000000035003410000017N271217104700000000000102802180000000000000000000000000000000000000000100032955761420VRADELEIDE MARIA DOS SANTOS             ESTRADA MARACAJAS, 725 CASA 2 FUNDOS    ILHA DO GOVE21941390RIO DE JANEIRO RJUNIAO UMB DOS CULTOS AFRO BRAS    28021810 000076
10231987175000168817800093673    00006800                     000068000000000000000109                     I346800      28021800000000035003410000017N271217104700000000000102802180000000000000000000000000000000000000000100002437606718FABIO VICTOR BARRETO                    RUA BARAO DE JAGUARI, 31                IRAJA - RIO 21235555RIO DE JANEIRO RJUNIAO UMB DOS CULTOS AFRO BRAS    28021810 000077
10231987175000168817800093673    00006799                     000067990000000000000109                     I026799      28021800000000035003410000017N271217104700000000000102802180000000000000000000000000000000000000000100010591612739ROSEMERE SOUZA DA SILVA                 O MESMO                                 O MESMO     21230354RIO DE JANEIRO RJUNIAO UMB DOS CULTOS AFRO BRAS    28021810 000078
10231987175000168817800093673    00006664                     000066640000000000000109                     I026664      28021800000000035003410000017N271217104700000000000102802180000000000000000000000000000000000000000100004764270706FLAVIO AILTON BRAGA FERREIRA            RUA CABURI, 11                          ROCHA MIRAND21550050RIO DE JANEIRO RJUNIAO UMB DOS CULTOS AFRO BRAS    28021810 000079
10231987175000168817800093673    00006657                     000066570000000000000109                     I026657      28021800000000035003410000017N271217104700000000000102802180000000000000000000000000000000000000000100089448712715ADELINA GONCALVES                       AVENIDA JOAQUIM CAMARA FERREIRA, 687    VILA KENEDY 21850180RIO DE JANEIRO RJUNIAO UMB DOS CULTOS AFRO BRAS    28021810 000080
10231987175000168817800093673    00006652                     000066520000000000000109                     I026652      09041800000000035003410000017N271217104700000000000100904180000000000000000000000000000000000000000100001936810727ALEX SALES ABBAS                        RUA BRASILIA, LOTE 6 QUADRA D CASA 4    COELHO DA RO25507200SAO JOAO DE MERRJUNIAO UMB DOS CULTOS AFRO BRAS    09041810 000081
10231987175000168817800093673    00006643                     000066430000000000000109                     I026643      28021800000000035003410000017N271217104700000000000102802180000000000000000000000000000000000000000100003622363755LUCIENE DA SILVA                        RUA AMADIR LEITE, 106                   JARDIM MONTE26041620NOVA IGUACU    RJUNIAO UMB DOS CULTOS AFRO BRAS    28021810 000082
10231987175000168817800093673    00006550                     000065500000000000000109                     I026550      28021800000000035003410000017N271217104700000000000102802180000000000000000000000000000000000000000100050825860768YEDA PEREIRA DA SILVA                   RUA TRINTA E QUATRO LOTE 22 QUADRA 180  CAMPO LINDO 23890000SEROPEDICA     RJUNIAO UMB DOS CULTOS AFRO BRAS    28021810 000083
10231987175000168817800093673    00006531                     000065310000000000000109                     I026531      28021800000000035003410000017N271217104700000000000102802180000000000000000000000000000000000000000100054504430720ISABELA BARBOSA LIMA DA SILVA           RUA SOUSA BARROS N 106 A FUNDOS         ENGENHO NOVO20961150RIO DE JANEIRO RJUNIAO UMB DOS CULTOS AFRO BRAS    28021810 000084
10231987175000168817800093673    00006487                     000064870000000000000109                     I026487      28021800000000035003410000017N271217104700000000000102802180000000000000000000000000000000000000000100001256782742VANDA BARBOSA BASTOS                    RUA CERES, 1058                         BANGU - RIO 21862070RIO DE JANEIRO RJUNIAO UMB DOS CULTOS AFRO BRAS    28021810 000085
10231987175000168817800093673    00006401                     000064010000000000000109                     I026401      28021800000000035003410000017N271217104700000000000102802180000000000000000000000000000000000000000100004471243748MARIA IEDA DE ALMEIDA DA SILVA          PRACA JOAO CAETANO, 23 LOTE 23 QUADRA 4 LAUREANO - D25065240DUQUE DE CAXIASRJUNIAO UMB DOS CULTOS AFRO BRAS    28021810 000086
10231987175000168817800093673    00006308                     000063080000000000000109                     I026308      28021800000000035003410000017N271217104700000000000102802180000000000000000000000000000000000000000100076744515772GELSON CORREA DE CARVALHO               RUA MANOEL MACHADO N 77                 VAZ LOBO - R21361090RIO DE JANEIRO RJUNIAO UMB DOS CULTOS AFRO BRAS    28021810 000087
10231987175000168817800093673    00005990                     000059900000000000000109                     I025990      31011800000000035003410000017N261217104700000000000103101180000000000000000000000000000000000000000100008401319765ANDRE FERREIRA DE PAULA                 RUA AMERICO ROCHA N 1095 APT 201        MARECHAL HER21555300RIO DE JANEIRO RJUNIAO UMB DOS CULTOS AFRO BRAS    31011810 000088
10231987175000168817800093673    00005988                     000059880000000000000109                     I025988      31011800000000035003410000017N261217104700000000000103101180000000000000000000000000000000000000000100074171372704ELIANE DE SOUZA MACHADO                 RUA ROQUETE PINTO LOTE 22 QUADRA 290 CASJARDIM ANHAN25265200DUQUE DE CAXIASRJUNIAO UMB DOS CULTOS AFRO BRAS    31011810 000089
10231987175000168817800093673    00005661                     000056610000000000000109                     I025661      31011800000000035003410000017N261217104700000000000103101180000000000000000000000000000000000000000100013180490756DIEGO CAVALCANTI DA SILVA               RUA CONDE DE RESENDE, 127               BENTO RIBEIR21550600RIO DE JANEIRO RJUNIAO UMB DOS CULTOS AFRO BRAS    31011810 000090
10231987175000168817800093673    00005648                     000056480000000000000109                     I025648      31011800000000035003410000017N261217104700000000000103101180000000000000000000000000000000000000000100001817781731JORGE LUIZ MENDES DA CUNHA              RUA  VASCO DA GAMA, 36                  CACHAMBI - R20771310RIO DE JANEIRO RJUNIAO UMB DOS CULTOS AFRO BRAS    31011810 000091
10231987175000168817800093673    00005597                     000055970000000000000109                     I025597      31011800000000035003410000017N261217104700000000000103101180000000000000000000000000000000000000000100001447704746MARCOS FAGUNDES MARTINS                 ESTRADA DA PEDRA, 167                   SANTA CRUZ  23520241RIO DE JANEIRO RJUNIAO UMB DOS CULTOS AFRO BRAS    31011810 000092
10231987175000168817800093673    00005595                     000055950000000000000109                     I025595      15031800000000035003410000017N261217104700000000000101503180000000000000000000000000000000000000000100077217942772LUIZ CLAUDIO CONCEICAO MAIA             RUA DOUTOR THOUZET, 577 B - FUNDOS      QUITANDINHA 25650061PETROPOLIS     RJUNIAO UMB DOS CULTOS AFRO BRAS    15031810 000093
10231987175000168817800093673    00005550                     000055500000000000000109                     I345550      31011800000000035003410000017N261217104700000000000103101180000000000000000000000000000000000000000100002437606718FABIO VICTOR BARRETO                    RUA BARAO DE JAGUARI, 31                IRAJA - RIO 21235555RIO DE JANEIRO RJUNIAO UMB DOS CULTOS AFRO BRAS    31011810 000094
10231987175000168817800093673    00005414                     000054140000000000000109                     I025414      31011800000000035003410000017N261217104700000000000103101180000000000000000000000000000000000000000100004764270706FLAVIO AILTON BRAGA FERREIRA            RUA CABURI, 11                          ROCHA MIRAND21550050RIO DE JANEIRO RJUNIAO UMB DOS CULTOS AFRO BRAS    31011810 000095
10231987175000168817800093673    00005407                     000054070000000000000109                     I025407      31011800000000035003410000017N261217104700000000000103101180000000000000000000000000000000000000000100089448712715ADELINA GONCALVES                       AVENIDA JOAQUIM CAMARA FERREIRA, 687    VILA KENEDY 21850180RIO DE JANEIRO RJUNIAO UMB DOS CULTOS AFRO BRAS    31011810 000096
10231987175000168817800093673    00005402                     000054020000000000000109                     I025402      09041800000000035003410000017N261217104700000000000100904180000000000000000000000000000000000000000100001936810727ALEX SALES ABBAS                        RUA BRASILIA, LOTE 6 QUADRA D CASA 4    COELHO DA RO25507200SAO JOAO DE MERRJUNIAO UMB DOS CULTOS AFRO BRAS    09041810 000097
10231987175000168817800093673    00005393                     000053930000000000000109                     I025393      31011800000000035003410000017N261217104700000000000103101180000000000000000000000000000000000000000100003622363755LUCIENE DA SILVA                        RUA AMADIR LEITE, 106                   JARDIM MONTE26041620NOVA IGUACU    RJUNIAO UMB DOS CULTOS AFRO BRAS    31011810 000098
10231987175000168817800093673    00005300                     000053000000000000000109                     I025300      31011800000000035003410000017N261217104700000000000103101180000000000000000000000000000000000000000100050825860768YEDA PEREIRA DA SILVA                   RUA TRINTA E QUATRO LOTE 22 QUADRA 180  CAMPO LINDO 23890000SEROPEDICA     RJUNIAO UMB DOS CULTOS AFRO BRAS    31011810 000099
10231987175000168817800093673    00005281                     000052810000000000000109                     I025281      31011800000000035003410000017N261217104700000000000103101180000000000000000000000000000000000000000100054504430720ISABELA BARBOSA LIMA DA SILVA           RUA SOUSA BARROS N 106 A FUNDOS         ENGENHO NOVO20961150RIO DE JANEIRO RJUNIAO UMB DOS CULTOS AFRO BRAS    31011810 000100
10231987175000168817800093673    00005151                     000051510000000000000109                     I025151      31011800000000035003410000017N261217104700000000000103101180000000000000000000000000000000000000000100004471243748MARIA IEDA DE ALMEIDA DA SILVA          PRACA JOAO CAETANO, 23 LOTE 23 QUADRA 4 LAUREANO - D25065240DUQUE DE CAXIASRJUNIAO UMB DOS CULTOS AFRO BRAS    31011810 000101
10231987175000168817800093673    00005058                     000050580000000000000109                     I025058      31011800000000035003410000017N261217104700000000000103101180000000000000000000000000000000000000000100076744515772GELSON CORREA DE CARVALHO               RUA MANOEL MACHADO N 77                 VAZ LOBO - R21361090RIO DE JANEIRO RJUNIAO UMB DOS CULTOS AFRO BRAS    31011810 000102
10231987175000168817800093673    00004781                     000047810000000000000109                     I024781      12011800000000350003410000017N181217104700000000000101201180000000000000000000000000000000000000000100011497058767DIEGO FERREIRA DA SILVA                 PRIMEIRO DE MAIO                        IPIRANGA    26293480NOVA IGUACU    RJUNIAO UMB DOS CULTOS AFRO BRAS    12011810 000103
10231987175000168817800093673    00004653                     000046530000000000000109                     I024653      22121700000000035003410000017N241117104700000000000102212170000000000000000000000000000000000000000100001234567890LUCIANO SOARES DA SILVA                 O MESMO                                 O MESMO     27910000MACAE          RJUNIAO UMB DOS CULTOS AFRO BRAS    22121710 000104
9                                                                                                                                                                                                                                                                                                                                                                                                         000105
