01REMESSA01COBRANCA       916200163100        União Umb dos Cultos Afro Bra341BANCO ITAU SA  080118                                                                                                                                                                                                                                                                                                      000001
10231987175000168916200163100    00008996                     000089960000000000000109                     I018996      11011800000000500003410000017N080118050900000000000101101180000000000000000000000000000000000000000100009653128795FERNANDO RIBEIRO DE SOUZA               RUA JOAO PEDRO TESCH N 332 D            ALTO DA SERR25635500PETROPOLIS     RJUNIAO UMB DOS CULTOS AFRO BRAS    11011810 000002
10231987175000168916200163100    00008995                     000089950000000000000109                     I018995      30011800000000300003410000017N080118050900000000000103001180000000000000000000000000000000000000000100063049465700VILMA SUELI DE CARVALHO                 RUA: DO ARMINHO Nº 41 BLOCO 40 APTº 30PADRE MIGUEL21870360RIO DE JANEIRO RJUNIAO UMB DOS CULTOS AFRO BRAS    30011810 000003
10231987175000168916200163100    00008994                     000089940000000000000109                     I018994      05021800000000700003410000017N080118050900000000000100502180000000000000000000000000000000000000000100013785300719CARLOS HENRIQUE DA CONCEICAO C          O MESMO                                 O MESMO     27113075BARRA DO PIRAI RJUNIAO UMB DOS CULTOS AFRO BRAS    05021810 000004
10231987175000168916200163100    00008993                     000089930000000000000109                     I018993      25011800000000350003410000017N080118050900000000000102501180000000000000000000000000000000000000000100048623334787IOLANDA JOSE PROFIRIO BARRETO           RUA TRES Nº 102                        VILA DO SOL 28900000CABO FRIO      RJUNIAO UMB DOS CULTOS AFRO BRAS    25011810 000005
10231987175000168916200163100    00008992                     000089920000000000000109                     I018992      28021800000000035003410000017N080118050900000000000102802180000000000000000000000000000000000000000100048623334787IOLANDA JOSE PROFIRIO BARRETO           RUA TRES Nº 102                        VILA DO SOL 28900000CABO FRIO      RJUNIAO UMB DOS CULTOS AFRO BRAS    28021810 000006
10231987175000168916200163100    00008991                     000089910000000000000109                     I018991      31011800000000035003410000017N080118050900000000000103101180000000000000000000000000000000000000000100048623334787IOLANDA JOSE PROFIRIO BARRETO           RUA TRES Nº 102                        VILA DO SOL 28900000CABO FRIO      RJUNIAO UMB DOS CULTOS AFRO BRAS    31011810 000007
10231987175000168916200163100    00008990                     000089900000000000000109                     I018990      15011800000000070003410000017N050118050900000000000101501180000000000000000000000000000000000000000100042598907787IRACI CARDOSO DOS SANTOS                RUA LUIZ FELECIANO  LARANJAL, LOTE 16 QULARANJAL - S24725370SAO GONCALO    RJUNIAO UMB DOS CULTOS AFRO BRAS    15011810 000008
10231987175000168916200163100    00008989                     000089890000000000000109                     I018989      25011800000000140003410000017N050118050900000000000102501180000000000000000000000000000000000000000100049498320772LUZIA INACIO BARBOSA                    RUA JOAO ALBERTO, LOTE 2 QUADRA 36      EDEN - SAO J25540060SAO JOAO DE MERRJUNIAO UMB DOS CULTOS AFRO BRAS    25011810 000009
10231987175000168916200163100    00008988                     000089880000000000000109                     I018988      15011800000000105003410000017N040118050900000000000101501180000000000000000000000000000000000000000100082233039734BARBARA DA SILVA CUNHA MOREIRA          RUA EVARISTO PIRES N 290                BANGU - RIO 21840040RIO DE JANEIRO RJUNIAO UMB DOS CULTOS AFRO BRAS    15011810 000010
10231987175000168916200163100    00008987                     000089870000000000000109                     I018987      28021800000000035003410000017N040118050900000000000102802180000000000000000000000000000000000000000100001799273709ANSELMO FERREIRA DEGENAR                RUA NOSSA SENHORA DE NAZARE N 31        PAVUNA      21655550RIO DE JANEIRO RJUNIAO UMB DOS CULTOS AFRO BRAS    28021810 000011
10231987175000168916200163100    00008986                     000089860000000000000109                     I018986      31011800000000035003410000017N040118050900000000000103101180000000000000000000000000000000000000000100001799273709ANSELMO FERREIRA DEGENAR                RUA NOSSA SENHORA DE NAZARE N 31        PAVUNA      21655550RIO DE JANEIRO RJUNIAO UMB DOS CULTOS AFRO BRAS    31011810 000012
10231987175000168916200163100    00008953                     000089530000000000000109                     I028953      28021800000000035003410000017N030118050900000000000102802180000000000000000000000000000000000000000100001306191750PAULO CESAR DE PAULA CALDEIRA           RUA OSCARINA DE FREITAS, 188 - SAGRADO CPALMARES - P23065500RIO DE JANEIRO RJUNIAO UMB DOS CULTOS AFRO BRAS    28021810 000013
10231987175000168916200163100    00008869                     000088690000000000000109                     I018869      31011800000000035003410000017N020118050900000000000103101180000000000000000000000000000000000000000100002083733738SELMA ESTEVES DE MORAIS                 RUA PROFESSOR LUIZ CATANHEDE, 77        LARANJEIRAS 22245040RIO DE JANEIRO RJUNIAO UMB DOS CULTOS AFRO BRAS    31011810 000014
10231987175000168916200163100    00008809                     000088090000000000000109                     I028809      31011800000000035003410000017N020118050900000000000103101180000000000000000000000000000000000000000100058075402715GENECY GOMES FERNANDES                  RUA MARIA HELENA, 209                   VILA FORMOSA25915000MAGE           RJUNIAO UMB DOS CULTOS AFRO BRAS    31011810 000015
10231987175000168916200163100    00008684                     000086840000000000000109                     I018684      31011800000000035003410000017N020118050900000000000103101180000000000000000000000000000000000000000100085258610730CRISTINA ROSA DE JESUS BASILIO          RUA NILZA GURGEL, 615 CASA 3            VILA EMIL - 26580310MESQUITA       RJUNIAO UMB DOS CULTOS AFRO BRAS    31011810 000016
10231987175000168916200163100    00008656                     000086560000000000000109                     I018656      31011800000000035003410000017N020118050900000000000103101180000000000000000000000000000000000000000100009527172713FABIANA DA SILVA FERNANDES              RUA ITAPACI, 56 CASA A                  COSMOS - RJ 23060440RIO DE JANEIRO RJUNIAO UMB DOS CULTOS AFRO BRAS    31011810 000017
10231987175000168916200163100    00008627                     000086270000000000000109                     I018627      31011800000000035003410000017N020118050900000000000103101180000000000000000000000000000000000000000100036352624715DEYSE LUZIA DE FREITA BRITTO            RUA DOIS LOTE 13 QUADRA 15 - CHACARAS DEINOA - MARIC24900000INOA - MARICA  RJUNIAO UMB DOS CULTOS AFRO BRAS    31011810 000018
10231987175000168916200163100    00008604                     000086040000000000000109                     I018604      31011800000000035003410000017N020118050900000000000103101180000000000000000000000000000000000000000100004501217715JOSE DIOMEDES DO PATROCINIO NE          RUA DOUTOR LAUREANO N 250 - VILA SAO LUIVILA SAO LUI25060220DUQUE DE CAXIASRJUNIAO UMB DOS CULTOS AFRO BRAS    31011810 000019
10231987175000168916200163100    00008582                     000085820000000000000109                     I018582      31011800000000035003410000017N020118050900000000000103101180000000000000000000000000000000000000000100042447941749MARIA NEIDE DE OLIVEIRA SILVA           RUA PROSPERIDADE, LOTE 8 QUADRA 43      PILAR - DUQU25230080DUQUE DE CAIXASRJUNIAO UMB DOS CULTOS AFRO BRAS    31011810 000020
10231987175000168916200163100    00008561                     000085610000000000000109                     I028561      31011800000000035003410000017N020118050900000000000103101180000000000000000000000000000000000000000100066053560715CELSO IZIDORO FELIX                     RUA AGAI N 1254 FUNDOS                  JARDIM PALMA23065620SANTA CRUZ     RJUNIAO UMB DOS CULTOS AFRO BRAS    31011810 000021
10231987175000168916200163100    00008537                     000085370000000000000109                     I018537      31011800000000035003410000017N020118050900000000000103101180000000000000000000000000000000000000000100067165664734JAIRINO DOS SANTOS E JUREMA J.          TRAVESSA ALVARENGA N 80                 EDSON PASSOS26246150MESQUITA       RJUNIAO UMB DOS CULTOS AFRO BRAS    31011810 000022
10231987175000168916200163100    00008507                     000085070000000000000109                     I018507      31011800000000035003410000017N020118050900000000000103101180000000000000000000000000000000000000000100032615515772WALDEMIR JOSE ALVES                     RUA FLORIANO DE GODOI, 814 CASA 1       25 DE AGOSTO25085050DUQUE DE CAXIASRJUNIAO UMB DOS CULTOS AFRO BRAS    31011810 000023
10231987175000168916200163100    00008505                     000085050000000000000109                     I018505      31011800000000035003410000017N020118050900000000000103101180000000000000000000000000000000000000000100041008154768ELISEU CAMARGO ARTHOU                   ESTRADA DO ENGENHO NOVO N 505 FUNDOS    ANCHIETA    21620241RIO DE JANEIRO RJUNIAO UMB DOS CULTOS AFRO BRAS    31011810 000024
10231987175000168916200163100    00008496                     000084960000000000000109                     I018496      31011800000000035003410000017N020118050900000000000103101180000000000000000000000000000000000000000100054101778787ROSARIA MARIA DAS CHAGAS DA SI          RUA DA AERONAUTICA, 61                  SENADOR CAMA21831410RIO DE JANEIRO RJUNIAO UMB DOS CULTOS AFRO BRAS    31011810 000025
10231987175000168916200163100    00008476                     000084760000000000000109                     I018476      31011800000000035003410000017N020118050900000000000103101180000000000000000000000000000000000000000100084964910725LIA MARIA DA SILVA                      RUA LUIZ QUEIROZ DE NOGUEIRA, LOTE 26 QUCOLUBANDE - 24744020SAO GONCALO    RJUNIAO UMB DOS CULTOS AFRO BRAS    31011810 000026
10231987175000168916200163100    00004594                     000045940000000000000109                     I024594      22121700000000350003410000017N171117050900000000000102212170000000000000000000000000000000000000000100041048237753GUARACIARA SOUZA FERNANDES              RUA BETULA                              GUADALUPE   21660110RIO DE JANEIRO RJUNIAO UMB DOS CULTOS AFRO BRAS    22121710 000027
10231987175000168916200163100    00004205                     000042050000000000000109                     I024205      22121700000000350003410000017N171117050900000000000102212170000000000000000000000000000000000000000100077819306734UENES DA SILVA DE OLIVEIRA              RUA GENERAL CARVALHO  Nº 1148          CORDOVIL    21250240RIO DE JANEIRO RJUNIAO UMB DOS CULTOS AFRO BRAS    22121710 000028
10231987175000168916200163100    00003802                     000038020000000000000109                     I013802      22121700000000350003410000017N171117050900000000000102212170000000000000000000000000000000000000000100058657231700IMPERALINA OLIVEIRA COSTA               AVENIDA MIGUEL COUTO N 75               PARQUE LAFAI25025505DUQUE DE CAXIASRJUNIAO UMB DOS CULTOS AFRO BRAS    22121710 000029
10231987175000168916200163100    00003793                     000037930000000000000109                     I023793      22121700000000350003410000017N171117050900000000000102212170000000000000000000000000000000000000000100060856467715JANAINA COELHO MELO                     O MESMO                                 O MESMO     21361420RIO DE JANEIRO RJUNIAO UMB DOS CULTOS AFRO BRAS    22121710 000030
10231987175000168916200163100    00003785                     000037850000000000000109                     I013785      22121700000000350003410000017N171117050900000000000102212170000000000000000000000000000000000000000100088046060704NATALINA DE JESUS PEREIRA DE O          RUA SAPOPEMBA N 524                     BENTO RIBEIR21331240RIO DE JANEIRO RJUNIAO UMB DOS CULTOS AFRO BRAS    22121710 000031
10231987175000168916200163100    00003739                     000037390000000000000109                     I023739      22121700000000350003410000017N171117050900000000000102212170000000000000000000000000000000000000000100002175979717CLAUDIA PILAR PERES SANTOS DE           RUA JOAO MACIEIRA N 20                  MADUREIRA - 21310090RIO DE JANEIRO RJUNIAO UMB DOS CULTOS AFRO BRAS    22121710 000032
10231987175000168916200163100    00003705                     000037050000000000000109                     I013705      22121700000000350003410000017N171117050900000000000102212170000000000000000000000000000000000000000100085194557787CELIA MARIA FERNANDES DE CASTR          RUA IRAPIRANGA, 98                      ROCHA MIRAND21540710RIO DE JANEIRO RJUNIAO UMB DOS CULTOS AFRO BRAS    22121710 000033
10231987175000168916200163100    00003684                     000036840000000000000109                     I013684      22121700000000350003410000017N171117050900000000000102212170000000000000000000000000000000000000000100008016237746RAFAEL PEREIRA                          ESTRADA DA COVANCA, 360 CASA            TANQUE - JAC22735020RIO DE JANEIRO RJUNIAO UMB DOS CULTOS AFRO BRAS    22121710 000034
10231987175000168916200163100    00003674                     000036740000000000000109                     I013674      22121700000000350003410000017N171117050900000000000102212170000000000000000000000000000000000000000100001457331730MIRIAN ANSELMO DE SOUZA SANTOS          RUA CRISTIANO OTONI, LT 25 QD 1         ALMERINDA - 24740004SAO GONCALO    RJUNIAO UMB DOS CULTOS AFRO BRAS    22121710 000035
10231987175000168916200163100    00003653                     000036530000000000000109                     I013653      22121700000000350003410000017N171117050900000000000102212170000000000000000000000000000000000000000100007342538779DAVID GARDINA FERREIRA LUCIO            O MESMO                                 O MESMO     25550531SAO JOAO DE MERRJUNIAO UMB DOS CULTOS AFRO BRAS    22121710 000036
10231987175000168916200163100    00003551                     000035510000000000000109                     I013551      15011800000000350003410000017N171117050900000000000101501180000000000000000000000000000000000000000100007742829754CARLOS ANDERSON DA SILVA DIAS           RUA COSMORAMA, 700 COMPL. CAMELIA 120   MESQUITA - R26582020RIO DE JANEIRO RJUNIAO UMB DOS CULTOS AFRO BRAS    15011810 000037
10231987175000168916200163100    00003437                     000034370000000000000109                     I013437      22121700000000350003410000017N171117050900000000000102212170000000000000000000000000000000000000000100004279924783EDUARDO CARVALHO DE SANTANNA            RUA CINCO N 778                         NOVA CAMPINA25268050DUQUE DE CAXIASRJUNIAO UMB DOS CULTOS AFRO BRAS    22121710 000038
10231987175000168916200163100    00003419                     000034190000000000000109                     I013419      22121700000000350003410000017N171117050900000000000102212170000000000000000000000000000000000000000100003314020767ANTONIA GOMES DOS SANTOS MOREI          O MESMO                                 O MESMO     26383450QUEIMADOS      RJUNIAO UMB DOS CULTOS AFRO BRAS    22121710 000039
10231987175000168916200163100    00003392                     000033920000000000000109                     I013392      22121700000000350003410000017N171117050900000000000102212170000000000000000000000000000000000000000100007331881760COSMA MARIA DE MELO - BENTO SE          RUA PULMERANIA LOTE 16 QUADRA 27 (ANTIGAPARQUE MODER25023070DUQUE DE CAXIASRJUNIAO UMB DOS CULTOS AFRO BRAS    22121710 000040
10231987175000168916200163100    00003391                     000033910000000000000109                     I013391      22121700000000350003410000017N171117050900000000000102212170000000000000000000000000000000000000000100002309597767ELISETE DE SOUZA GOMES                  RUA CLEIDE TAVORA N 87 CASA 1           MONTE CASTEL26041145NOVA IGUACU    RJUNIAO UMB DOS CULTOS AFRO BRAS    22121710 000041
10231987175000168916200163100    00003383                     000033830000000000000109                     I013383      22121700000000350003410000017N171117050900000000000102212170000000000000000000000000000000000000000100055177182720VALNEI FERNANDES DA SILVA               RUA DOUTOR JOSE MANOEL N 262            SANTA CATARI24420070SAO GONCALO    RJUNIAO UMB DOS CULTOS AFRO BRAS    22121710 000042
10231987175000168916200163100    00003378                     000033780000000000000109                     I013378      22121700000000350003410000017N171117050900000000000102212170000000000000000000000000000000000000000100037497928791ANASTACIA CANDIDO RAIMUNDO              RUA ALAMEDA 33 - CHAO DE ESTRELAS N 84  PAVUNA - RIO21521100RIO DE JANEIRO RJUNIAO UMB DOS CULTOS AFRO BRAS    22121710 000043
10231987175000168916200163100    00003253                     000032530000000000000109                     I023253      22121700000000350003410000017N171117050900000000000102212170000000000000000000000000000000000000000100036206071700MARIA ISABEL RAMOS                      RUA MARINA N 428                        BENTO RIBEIR21331070RIO DE JANEIRO RJUNIAO UMB DOS CULTOS AFRO BRAS    22121710 000044
10231987175000168916200163100    00003146                     000031460000000000000109                     I023146      31121700000000035003410000017N131117050900000000000103112170000000000000000000000000000000000000000100041048237753GUARACIARA SOUZA FERNANDES              RUA BETULA                              GUADALUPE   21660110RIO DE JANEIRO RJUNIAO UMB DOS CULTOS AFRO BRAS    31121710 000045
10231987175000168916200163100    00002750                     000027500000000000000109                     I022750      31121700000000035003410000017N131117050900000000000103112170000000000000000000000000000000000000000100077819306734UENES DA SILVA DE OLIVEIRA              RUA GENERAL CARVALHO  Nº 1148          CORDOVIL    21250240RIO DE JANEIRO RJUNIAO UMB DOS CULTOS AFRO BRAS    31121710 000046
10231987175000168916200163100    00002315                     000023150000000000000109                     I012315      31121700000000035003410000017N131117050900000000000103112170000000000000000000000000000000000000000100058657231700IMPERALINA OLIVEIRA COSTA               AVENIDA MIGUEL COUTO N 75               PARQUE LAFAI25025505DUQUE DE CAXIASRJUNIAO UMB DOS CULTOS AFRO BRAS    31121710 000047
10231987175000168916200163100    00002297                     000022970000000000000109                     I012297      31121700000000035003410000017N131117050900000000000103112170000000000000000000000000000000000000000100088046060704NATALINA DE JESUS PEREIRA DE O          RUA SAPOPEMBA N 524                     BENTO RIBEIR21331240RIO DE JANEIRO RJUNIAO UMB DOS CULTOS AFRO BRAS    31121710 000048
10231987175000168916200163100    00002251                     000022510000000000000109                     I022251      31121700000000035003410000017N131117050900000000000103112170000000000000000000000000000000000000000100002175979717CLAUDIA PILAR PERES SANTOS DE           RUA JOAO MACIEIRA N 20                  MADUREIRA - 21310090RIO DE JANEIRO RJUNIAO UMB DOS CULTOS AFRO BRAS    31121710 000049
10231987175000168916200163100    00002217                     000022170000000000000109                     I012217      31121700000000035003410000017N131117050900000000000103112170000000000000000000000000000000000000000100085194557787CELIA MARIA FERNANDES DE CASTR          RUA IRAPIRANGA, 98                      ROCHA MIRAND21540710RIO DE JANEIRO RJUNIAO UMB DOS CULTOS AFRO BRAS    31121710 000050
10231987175000168916200163100    00002196                     000021960000000000000109                     I012196      31121700000000035003410000017N131117050900000000000103112170000000000000000000000000000000000000000100008016237746RAFAEL PEREIRA                          ESTRADA DA COVANCA, 360 CASA            TANQUE - JAC22735020RIO DE JANEIRO RJUNIAO UMB DOS CULTOS AFRO BRAS    31121710 000051
10231987175000168916200163100    00002186                     000021860000000000000109                     I012186      31121700000000035003410000017N131117050900000000000103112170000000000000000000000000000000000000000100001457331730MIRIAN ANSELMO DE SOUZA SANTOS          RUA CRISTIANO OTONI, LT 25 QD 1         ALMERINDA - 24740004SAO GONCALO    RJUNIAO UMB DOS CULTOS AFRO BRAS    31121710 000052
10231987175000168916200163100    00002165                     000021650000000000000109                     I012165      31121700000000035003410000017N131117050900000000000103112170000000000000000000000000000000000000000100007342538779DAVID GARDINA FERREIRA LUCIO            O MESMO                                 O MESMO     25550531SAO JOAO DE MERRJUNIAO UMB DOS CULTOS AFRO BRAS    31121710 000053
10231987175000168916200163100    00002061                     000020610000000000000109                     I012061      31121700000000035003410000017N131117050900000000000103112170000000000000000000000000000000000000000100007742829754CARLOS ANDERSON DA SILVA DIAS           RUA COSMORAMA, 700 COMPL. CAMELIA 120   MESQUITA - R26582020RIO DE JANEIRO RJUNIAO UMB DOS CULTOS AFRO BRAS    31121710 000054
10231987175000168916200163100    00001944                     000019440000000000000109                     I011944      31121700000000020003410000017N131117050900000000000103112170000000000000000000000000000000000000000100004279924783EDUARDO CARVALHO DE SANTANNA            RUA CINCO N 778                         NOVA CAMPINA25268050DUQUE DE CAXIASRJUNIAO UMB DOS CULTOS AFRO BRAS    31121710 000055
10231987175000168916200163100    00001926                     000019260000000000000109                     I011926      31121700000000035003410000017N131117050900000000000103112170000000000000000000000000000000000000000100003314020767ANTONIA GOMES DOS SANTOS MOREI          O MESMO                                 O MESMO     26383450QUEIMADOS      RJUNIAO UMB DOS CULTOS AFRO BRAS    31121710 000056
10231987175000168916200163100    00001899                     000018990000000000000109                     I341899      31121700000000035003410000017N131117050900000000000103112170000000000000000000000000000000000000000100007331881760COSMA MARIA DE MELO - BENTO SE          RUA PULMERANIA LOTE 16 QUADRA 27 (ANTIGAPARQUE MODER25023070DUQUE DE CAXIASRJUNIAO UMB DOS CULTOS AFRO BRAS    31121710 000057
10231987175000168916200163100    00001898                     000018980000000000000109                     I011898      31121700000000035003410000017N131117050900000000000103112170000000000000000000000000000000000000000100002309597767ELISETE DE SOUZA GOMES                  RUA CLEIDE TAVORA N 87 CASA 1           MONTE CASTEL26041145NOVA IGUACU    RJUNIAO UMB DOS CULTOS AFRO BRAS    31121710 000058
10231987175000168916200163100    00001890                     000018900000000000000109                     I011890      31121700000000035003410000017N131117050900000000000103112170000000000000000000000000000000000000000100055177182720VALNEI FERNANDES DA SILVA               RUA DOUTOR JOSE MANOEL N 262            SANTA CATARI24420070SAO GONCALO    RJUNIAO UMB DOS CULTOS AFRO BRAS    31121710 000059
10231987175000168916200163100    00001885                     000018850000000000000109                     I011885      31121700000000035003410000017N131117050900000000000103112170000000000000000000000000000000000000000100037497928791ANASTACIA CANDIDO RAIMUNDO              RUA ALAMEDA 33 - CHAO DE ESTRELAS N 84  PAVUNA - RIO21521100RIO DE JANEIRO RJUNIAO UMB DOS CULTOS AFRO BRAS    31121710 000060
10231987175000168916200163100    00001759                     000017590000000000000109                     I011759      31121700000000035003410000017N131117050900000000000103112170000000000000000000000000000000000000000100036206071700MARIA ISABEL RAMOS                      RUA MARINA N 428                        BENTO RIBEIR21331070RIO DE JANEIRO RJUNIAO UMB DOS CULTOS AFRO BRAS    31121710 000061
9                                                                                                                                                                                                                                                                                                                                                                                                         000062
