01REMESSA01COBRANCA       817800093673        União Umb dos Cultos Afro Bra341BANCO ITAU SA  150318                                                                                                                                                                                                                                                                                                      000001
10231987175000168817800093673    000014214                    000142140000000000000109                     I0114214     16031800000000105003410000017N140318104700000000000101603180000000000000000000000000000000000000000100077165772715EDNA SANTOS DA TRINDADE                 ESTRADA DO PIAI N 3910 - QUADRA B CASA 7SEPETIBA - R23530610RIO DE JANEIRI RJUNIAO UMB DOS CULTOS AFRO BRAS    16031810 000002
10231987175000168817800093673    000014213                    000142130000000000000109                     I0214213     16031800000000035003410000017N140318104700000000000101603180000000000000000000000000000000000000000100077165772715EDNA SANTOS DA TRINDADE                 ESTRADA DO PIAI N 3910 - QUADRA B CASA 7SEPETIBA - R23530610RIO DE JANEIRI RJUNIAO UMB DOS CULTOS AFRO BRAS    16031810 000003
10231987175000168817800093673    000012840                    000128400000000000000109                     I0212840     30051800000000035003410000017N200218104700000000000103005180000000000000000000000000000000000000000100008861162797MARCIO ARAUJO DE MELO SOUZA             RUA GERALDO LOURENCO, 70 - RIACHAO      JARDIM ROMA 26279325NOVA IGUACU    RJUNIAO UMB DOS CULTOS AFRO BRAS    30051810 000004
10231987175000168817800093673    000012753                    000127530000000000000109                     I0212753     30051800000000035003410000017N200218104700000000000103005180000000000000000000000000000000000000000100039341887704NORMA AYRES DA SILVA                    RUA VALENCA, 245                        BAR DOS CAVA25015590DUQUE DE CAXIASRJUNIAO UMB DOS CULTOS AFRO BRAS    30051810 000005
10231987175000168817800093673    000011306                    000113060000000000000109                     I0211306     30041800000000035003410000017N200218104700000000000103004180000000000000000000000000000000000000000100070614628768CREUZA GOMES DA ROCHA                   RUA ITAPERA, 286 BLOCO 31 APTO 102      VISTA ALEGRE21230500RIO DE JANEIRO RJUNIAO UMB DOS CULTOS AFRO BRAS    30041810 000006
10231987175000168817800093673    000011231                    000112310000000000000109                     I0211231     30041800000000035003410000017N200218104700000000000103004180000000000000000000000000000000000000000100008861162797MARCIO ARAUJO DE MELO SOUZA             RUA GERALDO LOURENCO, 70 - RIACHAO      JARDIM ROMA 26279325NOVA IGUACU    RJUNIAO UMB DOS CULTOS AFRO BRAS    30041810 000007
10231987175000168817800093673    000011144                    000111440000000000000109                     I0211144     30041800000000035003410000017N200218104700000000000103004180000000000000000000000000000000000000000100039341887704NORMA AYRES DA SILVA                    RUA VALENCA, 245                        BAR DOS CAVA25015590DUQUE DE CAXIASRJUNIAO UMB DOS CULTOS AFRO BRAS    30041810 000008
10231987175000168817800093673    000011067                    000110670000000000000109                     I3411067     30041800000000035003410000017N200218104700000000000103004180000000000000000000000000000000000000000100070891036768EDNA FERREIRA DE MELO                   RUA SARGENTO MARQUETI N 5               MARECHAL HER21611000RIO DE JANEIRO RJUNIAO UMB DOS CULTOS AFRO BRAS    30041810 000009
10231987175000168817800093673    000010053                    000100530000000000000109                     I3410053     30031800000000035003410000017N200218104700000000000103003180000000000000000000000000000000000000000100041294270753DENISE ROCHA ROSA                       RUA, TRIESTE LOTES 41 E 42 QUADRA 2     PIABETA - MA25915000MAGE           RJUNIAO UMB DOS CULTOS AFRO BRAS    30031810 000010
10231987175000168817800093673    000010029                    000100290000000000000109                     I3410029     30031800000000035003410000017N200218104700000000000103003180000000000000000000000000000000000000000100073711616704SANDRA REGINA BESERRA SILVA             ESTRADA: CAMPO DA AREIA Nº 301 - PECHINJACAREPAGUA 22743311RIO DE JANEIRO RJUNIAO UMB DOS CULTOS AFRO BRAS    30031810 000011
10231987175000168817800093673    00009792                     000097920000000000000109                     I029792      30031800000000035003410000017N200218104700000000000103003180000000000000000000000000000000000000000100002203155798CARLOS EDUARDO MOREIRA BENTO            RUA WENCESLAU BRAS, SN LOTE 24 QUADRA 27IMBARIE - DU25275160DUQUE DE CAXIASRJUNIAO UMB DOS CULTOS AFRO BRAS    30031810 000012
10231987175000168817800093673    00009697                     000096970000000000000109                     I029697      30031800000000035003410000017N200218104700000000000103003180000000000000000000000000000000000000000100070614628768CREUZA GOMES DA ROCHA                   RUA ITAPERA, 286 BLOCO 31 APTO 102      VISTA ALEGRE21230500RIO DE JANEIRO RJUNIAO UMB DOS CULTOS AFRO BRAS    30031810 000013
10231987175000168817800093673    00009622                     000096220000000000000109                     I029622      30031800000000035003410000017N200218104700000000000103003180000000000000000000000000000000000000000100008861162797MARCIO ARAUJO DE MELO SOUZA             RUA GERALDO LOURENCO, 70 - RIACHAO      JARDIM ROMA 26279325NOVA IGUACU    RJUNIAO UMB DOS CULTOS AFRO BRAS    30031810 000014
10231987175000168817800093673    00009535                     000095350000000000000109                     I029535      30031800000000035003410000017N200218104700000000000103003180000000000000000000000000000000000000000100039341887704NORMA AYRES DA SILVA                    RUA VALENCA, 245                        BAR DOS CAVA25015590DUQUE DE CAXIASRJUNIAO UMB DOS CULTOS AFRO BRAS    30031810 000015
10231987175000168817800093673    00009458                     000094580000000000000109                     I349458      30031800000000035003410000017N200218104700000000000103003180000000000000000000000000000000000000000100070891036768EDNA FERREIRA DE MELO                   RUA SARGENTO MARQUETI N 5               MARECHAL HER21611000RIO DE JANEIRO RJUNIAO UMB DOS CULTOS AFRO BRAS    30031810 000016
10231987175000168817800093673    00008191                     000081910000000000000109                     I028191      28021800000000035003410000017N291217104700000000000102802180000000000000000000000000000000000000000100036213373772DULCINEIA RODRIGUES FEITAL              RUA CARNAUBAIS, 15                      SENADOR VASC23012380RIO DE JANEIRO RJUNIAO UMB DOS CULTOS AFRO BRAS    28021810 000017
10231987175000168817800093673    00008118                     000081180000000000000109                     I028118      28021800000000035003410000017N291217104700000000000102802180000000000000000000000000000000000000000100070614628768CREUZA GOMES DA ROCHA                   RUA ITAPERA, 286 BLOCO 31 APTO 102      VISTA ALEGRE21230500RIO DE JANEIRO RJUNIAO UMB DOS CULTOS AFRO BRAS    28021810 000018
10231987175000168817800093673    00008086                     000080860000000000000109                     I028086      28021800000000035003410000017N291217104700000000000102802180000000000000000000000000000000000000000100008861162797MARCIO ARAUJO DE MELO SOUZA             RUA GERALDO LOURENCO, 70 - RIACHAO      JARDIM ROMA 26279325NOVA IGUACU    RJUNIAO UMB DOS CULTOS AFRO BRAS    28021810 000019
10231987175000168817800093673    00007258                     000072580000000000000109                     I347258      28021800000000035003410000017N271217104700000000000102802180000000000000000000000000000000000000000100040664325734GENI BARBOSA ROCHA DA SILVA             O MESMO                                 O MESMO     25268020RIO DE JANEIROIRJUNIAO UMB DOS CULTOS AFRO BRAS    28021810 000020
10231987175000168817800093673    00007253                     000072530000000000000109                     I347253      28021800000000035003410000017N271217104700000000000102802180000000000000000000000000000000000000000100060210389753ROZANA DOS SANTOS                       RUA MARANHAO N 1057 RUA B CASA 73       MEIER - RIO 23060720RIO DE JANEIRO RJUNIAO UMB DOS CULTOS AFRO BRAS    28021810 000021
10231987175000168817800093673    00006748                     000067480000000000000109                     I346748      28021800000000035003410000017N271217104700000000000102802180000000000000000000000000000000000000000100073711616704SANDRA REGINA BESERRA SILVA             ESTRADA: CAMPO DA AREIA Nº 301 - PECHINJACAREPAGUA 22743311RIO DE JANEIRO RJUNIAO UMB DOS CULTOS AFRO BRAS    28021810 000022
10231987175000168817800093673    00006561                     000065610000000000000109                     I026561      28021800000000035003410000017N271217104700000000000102802180000000000000000000000000000000000000000100077165772715EDNA SANTOS DA TRINDADE                 ESTRADA DO PIAI N 3910 - QUADRA B CASA 7SEPETIBA - R23530610RIO DE JANEIRI RJUNIAO UMB DOS CULTOS AFRO BRAS    28021810 000023
10231987175000168817800093673    00006341                     000063410000000000000109                     I346341      28021800000000035003410000017N271217104700000000000102802180000000000000000000000000000000000000000100070891036768EDNA FERREIRA DE MELO                   RUA SARGENTO MARQUETI N 5               MARECHAL HER21611000RIO DE JANEIRO RJUNIAO UMB DOS CULTOS AFRO BRAS    28021810 000024
10231987175000168817800093673    00006008                     000060080000000000000109                     I026008      31011800000000035003410000017N261217104700000000000103101180000000000000000000000000000000000000000100040664325734GENI BARBOSA ROCHA DA SILVA             O MESMO                                 O MESMO     25268020RIO DE JANEIROIRJUNIAO UMB DOS CULTOS AFRO BRAS    31011810 000025
10231987175000168817800093673    00005515                     000055150000000000000109                     I345515      31011800000000035003410000017N261217104700000000000103101180000000000000000000000000000000000000000100041294270753DENISE ROCHA ROSA                       RUA, TRIESTE LOTES 41 E 42 QUADRA 2     PIABETA - MA25915000MAGE           RJUNIAO UMB DOS CULTOS AFRO BRAS    31011810 000026
10231987175000168817800093673    00005498                     000054980000000000000109                     I345498      31011800000000035003410000017N261217104700000000000103101180000000000000000000000000000000000000000100073711616704SANDRA REGINA BESERRA SILVA             ESTRADA: CAMPO DA AREIA Nº 301 - PECHINJACAREPAGUA 22743311RIO DE JANEIRO RJUNIAO UMB DOS CULTOS AFRO BRAS    31011810 000027
10231987175000168817800093673    00005143                     000051430000000000000109                     I025143      09031800000000035003410000017N261217104700000000000100903180000000000000000000000000000000000000000100039341887704NORMA AYRES DA SILVA                    RUA VALENCA, 245                        BAR DOS CAVA25015590DUQUE DE CAXIASRJUNIAO UMB DOS CULTOS AFRO BRAS    09031810 000028
10231987175000168817800093673    00005091                     000050910000000000000109                     I025091      31011800000000035003410000017N261217104700000000000103101180000000000000000000000000000000000000000100070891036768EDNA FERREIRA DE MELO                   RUA SARGENTO MARQUETI N 5               MARECHAL HER21611000RIO DE JANEIRO RJUNIAO UMB DOS CULTOS AFRO BRAS    31011810 000029
10231987175000168817800093673    00004672                     000046720000000000000109                     I024672      22121700000000300003410000017N271117104700000000000102212170000000000000000000000000000000000000000100039341887704NORMA AYRES DA SILVA                    RUA VALENCA, 245                        BAR DOS CAVA25015590DUQUE DE CAXIASRJUNIAO UMB DOS CULTOS AFRO BRAS    22121710 000030
10231987175000168817800093673    0000798                      000007980000000000000109                     I02798       20121700000000340003410000017N171017104700000000000102012170000000000000000000000000000000000000000100070614628768CREUZA GOMES DA ROCHA                   RUA ITAPERA, 286 BLOCO 31 APTO 102      VISTA ALEGRE21230500RIO DE JANEIRO RJUNIAO UMB DOS CULTOS AFRO BRAS    20121710 000031
10231987175000168817800093673    0000747                      000007470000000000000109                     I02747       20121700000000340003410000017N171017104700000000000102012170000000000000000000000000000000000000000100008861162797MARCIO ARAUJO DE MELO SOUZA             RUA GERALDO LOURENCO, 70 - RIACHAO      JARDIM ROMA 26279325NOVA IGUACU    RJUNIAO UMB DOS CULTOS AFRO BRAS    20121710 000032
10231987175000168817800093673    0000233                      000002330000000000000109                     I02233       20121700000000300003410000017N101017104700000000000102012170000000000000000000000000000000000000000100036213373772DULCINEIA RODRIGUES FEITAL              RUA CARNAUBAIS, 15                      SENADOR VASC23012380RIO DE JANEIRO RJUNIAO UMB DOS CULTOS AFRO BRAS    20121710 000033
10231987175000168817800093673    0000165                      000001650000000000000109                     I02165       20121700000000400003410000017N101017104700000000000102012170000000000000000000000000000000000000000100002203155798CARLOS EDUARDO MOREIRA BENTO            RUA WENCESLAU BRAS, SN LOTE 24 QUADRA 27IMBARIE - DU25275160DUQUE DE CAXIASRJUNIAO UMB DOS CULTOS AFRO BRAS    20121710 000034
9                                                                                                                                                                                                                                                                                                                                                                                                         000035
