01REMESSA01COBRANCA       916200163100        União Umb dos Cultos Afro Bra341BANCO ITAU SA  190619                                                                                                                                                                                                                                                                                                      000001
10231987175000168916200163100    000049763                    000497630000000000000109                     I0149763     30091900000000040003410000017N190619105700000000000133009190000000000000000000000000000000000000000100010677109733FABIO GOMES BONIFACIO                   RUA SAO MARIANO SCOTTN 63,              VILA VALQUEI21321290RIO DE JANEIRO RJUNIAO UMB DOS CULTOS AFRO BRAS    30091915 000002
21300920190000000000080                                                                                                                                                                                                                                                                                                                                                                                   000003
10231987175000168916200163100    000049762                    000497620000000000000109                     I0149762     30081900000000040003410000017N190619105700000000000133008190000000000000000000000000000000000000000100010677109733FABIO GOMES BONIFACIO                   RUA SAO MARIANO SCOTTN 63,              VILA VALQUEI21321290RIO DE JANEIRO RJUNIAO UMB DOS CULTOS AFRO BRAS    30081915 000004
21300820190000000000080                                                                                                                                                                                                                                                                                                                                                                                   000005
10231987175000168916200163100    000049761                    000497610000000000000109                     I0149761     31071900000000040003410000017N190619105700000000000133107190000000000000000000000000000000000000000100010677109733FABIO GOMES BONIFACIO                   RUA SAO MARIANO SCOTTN 63,              VILA VALQUEI21321290RIO DE JANEIRO RJUNIAO UMB DOS CULTOS AFRO BRAS    31071915 000006
21310720190000000000080                                                                                                                                                                                                                                                                                                                                                                                   000007
10231987175000168916200163100    000049760                    000497600000000000000109                     I0149760     10071900000000350003410000017N190619105700000000001161007190000000000000000000000000000000000000000100008549619760BRUNO SERGIO GONCALVES DA CRUZ          RUA ROBERTO SERGIO OAZENN 0, LOTE 22 QUAADRIANO - CA23088530RIO DE JANEIRO RJUNIAO UMB DOS CULTOS AFRO BRAS    10071915 000008
21100720190000000000700                                                                                                                                                                                                                                                                                                                                                                                   000009
10231987175000168916200163100    000049759                    000497590000000000000109                     I0149759     30091900000000040003410000017N190619105700000000000133009190000000000000000000000000000000000000000100008184503717LAERCIO DE SOUZA GUINA FERREIR          RUA TITANICN 4, APTº 101               REALENGO    21735620RIO DE JANEIRO RJUNIAO UMB DOS CULTOS AFRO BRAS    30091915 000010
21300920190000000000080                                                                                                                                                                                                                                                                                                                                                                                   000011
10231987175000168916200163100    000049758                    000497580000000000000109                     I0149758     30081900000000040003410000017N190619105700000000000133008190000000000000000000000000000000000000000100008184503717LAERCIO DE SOUZA GUINA FERREIR          RUA TITANICN 4, APTº 101               REALENGO    21735620RIO DE JANEIRO RJUNIAO UMB DOS CULTOS AFRO BRAS    30081915 000012
21300820190000000000080                                                                                                                                                                                                                                                                                                                                                                                   000013
10231987175000168916200163100    000049757                    000497570000000000000109                     I0149757     30071900000000040003410000017N190619105700000000000133007190000000000000000000000000000000000000000100008184503717LAERCIO DE SOUZA GUINA FERREIR          RUA TITANICN 4, APTº 101               REALENGO    21735620RIO DE JANEIRO RJUNIAO UMB DOS CULTOS AFRO BRAS    30071915 000014
21300720190000000000080                                                                                                                                                                                                                                                                                                                                                                                   000015
10231987175000168916200163100    000049756                    000497560000000000000109                     I0149756     30071900000000350003410000017N190619105700000000001163007190000000000000000000000000000000000000000100008184503717LAERCIO DE SOUZA GUINA FERREIR          RUA TITANICN 4, APTº 101               REALENGO    21735620RIO DE JANEIRO RJUNIAO UMB DOS CULTOS AFRO BRAS    30071915 000016
21300720190000000000700                                                                                                                                                                                                                                                                                                                                                                                   000017
10231987175000168916200163100    000049755                    000497550000000000000109                     I0149755     30091900000000040003410000017N190619105700000000000133009190000000000000000000000000000000000000000100031383106720GILBERTO MENDANHA                       ESTRADA DOS CABOCLOSN 354, - RUA PARTICUCAMPO GRANDE23040160RIO DE JANEIRO RJUNIAO UMB DOS CULTOS AFRO BRAS    30091915 000018
21300920190000000000080                                                                                                                                                                                                                                                                                                                                                                                   000019
10231987175000168916200163100    000049754                    000497540000000000000109                     I0149754     30081900000000040003410000017N190619105700000000000133008190000000000000000000000000000000000000000100031383106720GILBERTO MENDANHA                       ESTRADA DOS CABOCLOSN 354, - RUA PARTICUCAMPO GRANDE23040160RIO DE JANEIRO RJUNIAO UMB DOS CULTOS AFRO BRAS    30081915 000020
21300820190000000000080                                                                                                                                                                                                                                                                                                                                                                                   000021
10231987175000168916200163100    000049753                    000497530000000000000109                     I0149753     30071900000000040003410000017N190619105700000000000133007190000000000000000000000000000000000000000100031383106720GILBERTO MENDANHA                       ESTRADA DOS CABOCLOSN 354, - RUA PARTICUCAMPO GRANDE23040160RIO DE JANEIRO RJUNIAO UMB DOS CULTOS AFRO BRAS    30071915 000022
21300720190000000000080                                                                                                                                                                                                                                                                                                                                                                                   000023
10231987175000168916200163100    000049752                    000497520000000000000109                     I0149752     30091900000000040003410000017N190619105700000000000133009190000000000000000000000000000000000000000100086956850710MARIA DO SOCORRO REIS MARTINS           RUA SERAFIMN 55,                        CAMPOS ELISE25225215DUQUE DE CAXIASRJUNIAO UMB DOS CULTOS AFRO BRAS    30091915 000024
21300920190000000000080                                                                                                                                                                                                                                                                                                                                                                                   000025
10231987175000168916200163100    000049751                    000497510000000000000109                     I0149751     30081900000000040003410000017N190619105700000000000133008190000000000000000000000000000000000000000100086956850710MARIA DO SOCORRO REIS MARTINS           RUA SERAFIMN 55,                        CAMPOS ELISE25225215DUQUE DE CAXIASRJUNIAO UMB DOS CULTOS AFRO BRAS    30081915 000026
21300820190000000000080                                                                                                                                                                                                                                                                                                                                                                                   000027
10231987175000168916200163100    000049750                    000497500000000000000109                     I0149750     30071900000000040003410000017N190619105700000000000133007190000000000000000000000000000000000000000100086956850710MARIA DO SOCORRO REIS MARTINS           RUA SERAFIMN 55,                        CAMPOS ELISE25225215DUQUE DE CAXIASRJUNIAO UMB DOS CULTOS AFRO BRAS    30071915 000028
21300720190000000000080                                                                                                                                                                                                                                                                                                                                                                                   000029
10231987175000168916200163100    000043835                    000438350000000000000109                     I0243835     30061900000000040003410000017N130319105700000000000133006190000000000000000000000000000000000000000100091228239720MIRIAN DA SILVA PEREIRA                 RUA DUARTE DE AZEVEDON 46,              TURIACU     21550130RIO DE JANEIRO RJUNIAO UMB DOS CULTOS AFRO BRAS    30061915 000030
21300620190000000000080                                                                                                                                                                                                                                                                                                                                                                                   000031
10231987175000168916200163100    000043588                    000435880000000000000109                     I3443588     30061900000000040003410000017N130319105700000000000133006190000000000000000000000000000000000000000100088677079734MARIA APARECIDA MORAIS DOS SAN          RUA OLAVO GAMAN 0, TRAVESSA F - PROJETADGUARATIBA   23040400RIO DE JANEIRO RJUNIAO UMB DOS CULTOS AFRO BRAS    30061915 000032
21300620190000000000080                                                                                                                                                                                                                                                                                                                                                                                   000033
10231987175000168916200163100    000043249                    000432490000000000000109                     I0243249     30061900000000040003410000017N130319105700000000000133006190000000000000000000000000000000000000000100001015032702GABRIEL MENEZES                         RUA DA PAZN 2,                          COLINA      28942728SAO PEDRO DA ALRJUNIAO UMB DOS CULTOS AFRO BRAS    30061915 000034
21300620190000000000080                                                                                                                                                                                                                                                                                                                                                                                   000035
10231987175000168916200163100    000043242                    000432420000000000000109                     I3443242     30061900000000040003410000017N130319105700000000000133006190000000000000000000000000000000000000000100043082033768LEILA RAMOS DE OLIVEIRA                 RUA CAPIBERIBEN 361,                    CABUCU      26291392NOVA IGUACU    RJUNIAO UMB DOS CULTOS AFRO BRAS    30061915 000036
21300620190000000000080                                                                                                                                                                                                                                                                                                                                                                                   000037
10231987175000168916200163100    000042190                    000421900000000000000109                     I0242190     30051900000000040003410000017N130319105700000000000133005190000000000000000000000000000000000000000100091228239720MIRIAN DA SILVA PEREIRA                 RUA DUARTE DE AZEVEDON 46,              TURIACU     21550130RIO DE JANEIRO RJUNIAO UMB DOS CULTOS AFRO BRAS    30051915 000038
21300520190000000000080                                                                                                                                                                                                                                                                                                                                                                                   000039
10231987175000168916200163100    000041609                    000416090000000000000109                     I0241609     30051900000000040003410000017N130319105700000000000133005190000000000000000000000000000000000000000100001015032702GABRIEL MENEZES                         RUA DA PAZN 2,                          COLINA      28942728SAO PEDRO DA ALRJUNIAO UMB DOS CULTOS AFRO BRAS    30051915 000040
21300520190000000000080                                                                                                                                                                                                                                                                                                                                                                                   000041
10231987175000168916200163100    000040555                    000405550000000000000109                     I0240555     30041900000000040003410000017N120319105700000000000133004190000000000000000000000000000000000000000100091228239720MIRIAN DA SILVA PEREIRA                 RUA DUARTE DE AZEVEDON 46,              TURIACU     21550130RIO DE JANEIRO RJUNIAO UMB DOS CULTOS AFRO BRAS    30041915 000042
21300420190000000000080                                                                                                                                                                                                                                                                                                                                                                                   000043
10231987175000168916200163100    000039977                    000399770000000000000109                     I0239977     30041900000000040003410000017N120319105700000000000133004190000000000000000000000000000000000000000100001015032702GABRIEL MENEZES                         RUA DA PAZN 2,                          COLINA      28942728SAO PEDRO DA ALRJUNIAO UMB DOS CULTOS AFRO BRAS    30041915 000044
21300420190000000000080                                                                                                                                                                                                                                                                                                                                                                                   000045
9                                                                                                                                                                                                                                                                                                                                                                                                         000046
