01REMESSA01COBRANCA       916200163100        União Umb dos Cultos Afro Bra341BANCO ITAU SA  190319                                                                                                                                                                                                                                                                                                      000001
10231987175000168916200163100    000044839                    000448390000000000000109                     I0144839     22031900000000300003410000017N180319104700000000000102203190000000000000000000000000000000000000000100008169125723SANDRA PRAXEDES SILVA BRAGA             RUA NEUZA DA CONCEICAO PINTO DA CUNHAN 0CORDEIRINHO 24921464MARICA         RJUNIAO UMB DOS CULTOS AFRO BRAS    22031910 000002
10231987175000168916200163100    000044838                    000448380000000000000109                     I0144838     31031900000000040003410000017N180319104700000000000103103190000000000000000000000000000000000000000100085148610778JACQUELINE MARQUES BARBOSA              RUA: JUSTINA BULHOESN 37, APTº 1104    INGA        24210455RIO DE JANEIRO RJUNIAO UMB DOS CULTOS AFRO BRAS    31031910 000003
10231987175000168916200163100    000044837                    000448370000000000000109                     I0144837     31031900000000040003410000017N180319104700000000000103103190000000000000000000000000000000000000000100085148610778JACQUELINE MARQUES BARBOSA              RUA: JUSTINA BULHOESN 37, APTº 1104    INGA        24210455RIO DE JANEIRO RJUNIAO UMB DOS CULTOS AFRO BRAS    31031910 000004
10231987175000168916200163100    000044836                    000448360000000000000109                     I0144836     10041900000000200003410000017N180319104700000000000101004190000000000000000000000000000000000000000100059919442704VANDA LUCIA PINHEIRO ROSA               RUA: VICENTE CANECO N 324,  BLOCO 24 APTBRAZ DE PINA21215550RIO DE JANEIRO RJUNIAO UMB DOS CULTOS AFRO BRAS    10041910 000005
10231987175000168916200163100    000044835                    000448350000000000000109                     I0144835     30031900000000120003410000017N180319104700000000000103003190000000000000000000000000000000000000000100060044055749SUELY DE FARIAS EDUARDO                 TRAVESSA JAFIA N 1,                     CIDADE DE DE22772190RIO DE JANEIRO RJUNIAO UMB DOS CULTOS AFRO BRAS    30031910 000006
10231987175000168916200163100    000044046                    000440460000000000000109                     I0244046     30061900000000040003410000017N130319104700000000000103006190000000000000000000000000000000000000000100003317113707WIRANI MARTINS                          RUA ETELVINA DE CASTRON 0,  LOTE 16 QUADPARQUE  ELDO25240390DUQUE DE CAXIASRJUNIAO UMB DOS CULTOS AFRO BRAS    30061910 000007
10231987175000168916200163100    000043984                    000439840000000000000109                     I0243984     30061900000000040003410000017N130319104700000000000103006190000000000000000000000000000000000000000218817360000146ILE D OXALUFAN                          RUA EDUARDO CESAR MACHADON 616,         ANCHIETA    21635140RIO DE JANEIRO RJUNIAO UMB DOS CULTOS AFRO BRAS    30061910 000008
10231987175000168916200163100    000043757                    000437570000000000000109                     I0243757     30061900000000040003410000017N130319104700000000000103006190000000000000000000000000000000000000000218318536000115TENDA ESPIRITA SAO COSME E SAO          RUA: SAO MARCOS  N 23, QUADRA 25        KM 32       26298548NOVA IGUACU    RJUNIAO UMB DOS CULTOS AFRO BRAS    30061910 000009
10231987175000168916200163100    000043346                    000433460000000000000109                     I0243346     30061900000000025003410000017N130319104700000000000103006190000000000000000000000000000000000000000100051238489753NANCY DA SILVA APOLINARIO TEIX          RUA: VIDAL DE NEGREIROSN 110,           SANTO CRISTO20220770RIO DE JANEIRO RJUNIAO UMB DOS CULTOS AFRO BRAS    30061910 000010
10231987175000168916200163100    000042400                    000424000000000000000109                     I0242400     30051900000000040003410000017N130319104700000000000103005190000000000000000000000000000000000000000100003317113707WIRANI MARTINS                          RUA ETELVINA DE CASTRON 0,  LOTE 16 QUADPARQUE  ELDO25240390DUQUE DE CAXIASRJUNIAO UMB DOS CULTOS AFRO BRAS    30051910 000011
10231987175000168916200163100    000042338                    000423380000000000000109                     I0242338     30051900000000040003410000017N130319104700000000000103005190000000000000000000000000000000000000000218817360000146ILE D OXALUFAN                          RUA EDUARDO CESAR MACHADON 616,         ANCHIETA    21635140RIO DE JANEIRO RJUNIAO UMB DOS CULTOS AFRO BRAS    30051910 000012
10231987175000168916200163100    000042113                    000421130000000000000109                     I0242113     30051900000000040003410000017N130319104700000000000103005190000000000000000000000000000000000000000218318536000115TENDA ESPIRITA SAO COSME E SAO          RUA: SAO MARCOS  N 23, QUADRA 25        KM 32       26298548NOVA IGUACU    RJUNIAO UMB DOS CULTOS AFRO BRAS    30051910 000013
10231987175000168916200163100    000041706                    000417060000000000000109                     I0241706     30051900000000025003410000017N130319104700000000000103005190000000000000000000000000000000000000000100051238489753NANCY DA SILVA APOLINARIO TEIX          RUA: VIDAL DE NEGREIROSN 110,           SANTO CRISTO20220770RIO DE JANEIRO RJUNIAO UMB DOS CULTOS AFRO BRAS    30051910 000014
10231987175000168916200163100    000040763                    000407630000000000000109                     I0240763     30041900000000040003410000017N120319104700000000000103004190000000000000000000000000000000000000000100003317113707WIRANI MARTINS                          RUA ETELVINA DE CASTRON 0,  LOTE 16 QUADPARQUE  ELDO25240390DUQUE DE CAXIASRJUNIAO UMB DOS CULTOS AFRO BRAS    30041910 000015
10231987175000168916200163100    000040701                    000407010000000000000109                     I0240701     30041900000000040003410000017N120319104700000000000103004190000000000000000000000000000000000000000218817360000146ILE D OXALUFAN                          RUA EDUARDO CESAR MACHADON 616,         ANCHIETA    21635140RIO DE JANEIRO RJUNIAO UMB DOS CULTOS AFRO BRAS    30041910 000016
10231987175000168916200163100    000040479                    000404790000000000000109                     I0240479     30041900000000040003410000017N120319104700000000000103004190000000000000000000000000000000000000000218318536000115TENDA ESPIRITA SAO COSME E SAO          RUA: SAO MARCOS  N 23, QUADRA 25        KM 32       26298548NOVA IGUACU    RJUNIAO UMB DOS CULTOS AFRO BRAS    30041910 000017
10231987175000168916200163100    000040074                    000400740000000000000109                     I0240074     30041900000000025003410000017N120319104700000000000103004190000000000000000000000000000000000000000100051238489753NANCY DA SILVA APOLINARIO TEIX          RUA: VIDAL DE NEGREIROSN 110,           SANTO CRISTO20220770RIO DE JANEIRO RJUNIAO UMB DOS CULTOS AFRO BRAS    30041910 000018
10231987175000168916200163100    000039804                    000398040000000000000109                     I0239804     18031900000000040003410000017N180219104700000000000101803190000000000000000000000000000000000000000100002415896730ROSIELMA SANTOS SOUZA                   RUA MONDEGON 78,                        RICARDO DE A21665130RIO DE JANEIRO RJUNIAO UMB DOS CULTOS AFRO BRAS    18031910 000019
9                                                                                                                                                                                                                                                                                                                                                                                                         000020
