01REMESSA01COBRANCA       817800093673        União Umb dos Cultos Afro Bra341BANCO ITAU SA  160118                                                                                                                                                                                                                                                                                                      000001
10231987175000168817800093673    00006403                     000064030000000000000109                     I016403      28021800000000035003410000017N271217050900000000000102802180000000000000000000000000000000000000000100007150949711SEVERINA BENVINDO FERREIRA              ESTRADA DO CALUNDU, LOTE 32 QUADRA 51   NOSSA SENHOR25040610DUQUE DE CAXIASRJUNIAO UMB DOS CULTOS AFRO BRAS    28021810 000002
10231987175000168817800093673    00006249                     000062490000000000000109                     I016249      28021800000000035003410000017N271217050900000000000102802180000000000000000000000000000000000000000100088831051768ELISETE MOREIRA DE OLIVEIRA             RUA JOSE MACHADO, 55                    IRAJA       21361360RIO DE JANEIRO RJUNIAO UMB DOS CULTOS AFRO BRAS    28021810 000003
10231987175000168817800093673    00006250                     000062500000000000000109                     I016250      28021800000000035003410000017N271217050900000000000102802180000000000000000000000000000000000000000100079042708700ANTONIO CARLOS DE MIRANDA PACH          RUA SOLDADO BRUNO ESTRIFICA N 107       CURICICA - J22780600RIO DE JANEIRO RJUNIAO UMB DOS CULTOS AFRO BRAS    28021810 000004
10231987175000168817800093673    00006400                     000064000000000000000109                     I016400      28021800000000035003410000017N271217050900000000000102802180000000000000000000000000000000000000000100054590604787VANDA PAIVA                             RUA LUIZ JACINTO, LOTE 3                EDEN - SAO J25535161SAO JOAO DE MERRJUNIAO UMB DOS CULTOS AFRO BRAS    28021810 000005
10231987175000168817800093673    00006251                     000062510000000000000109                     I016251      28021800000000035003410000017N271217050900000000000102802180000000000000000000000000000000000000000100007333127729FRANCISCA GONCALVES                     RUA PROJETADA C BECO FRANCA, 4          ROLA - SANTA23520580RIO DE JANEIRO RJUNIAO UMB DOS CULTOS AFRO BRAS    28021810 000006
10231987175000168817800093673    00006915                     000069150000000000000109                     I016915      28021800000000035003410000017N271217050900000000000102802180000000000000000000000000000000000000000100077819306734UENES DA SILVA DE OLIVEIRA              RUA GENERAL CARVALHO  Nº 1148          CORDOVIL    21250240RIO DE JANEIRO RJUNIAO UMB DOS CULTOS AFRO BRAS    28021810 000007
10231987175000168817800093673    00006888                     000068880000000000000109                     I026888      28021800000000035003410000017N271217050900000000000102802180000000000000000000000000000000000000000100009658353754ROSINEI MARIA DOS SANTOS PEIXO          RUA FLORESTA, 1145 CASA A 3             SEPETIBA - R23540430RIO DE JANEIRO RJUNIAO UMB DOS CULTOS AFRO BRAS    28021810 000008
10231987175000168817800093673    00006410                     000064100000000000000109                     I016410      28021800000000035003410000017N271217050900000000000102802180000000000000000000000000000000000000000100033382840715MARIA ALICE CONSTANCIO GOMES            RUA PALMARES, 39                        JARDIM PERNA26275310NOVA IGUACU    RJUNIAO UMB DOS CULTOS AFRO BRAS    28021810 000009
10231987175000168817800093673    00006415                     000064150000000000000109                     I016415      28021800000000035003410000017N271217050900000000000102802180000000000000000000000000000000000000000100003987884720SAINT CLAIR MACHADO FERNANDES           RUA JACA, QUADRA 4 LOTE 14              PARQUE ESPER26173510BELFORD ROXO   RJUNIAO UMB DOS CULTOS AFRO BRAS    28021810 000010
10231987175000168817800093673    00006416                     000064160000000000000109                     I016416      28021800000000035003410000017N271217050900000000000102802180000000000000000000000000000000000000000100051851229787MARTA DO NASCIMENTO CRISPINO            RUA LEONOR SARAMAGO, 89                 FONSECA - NI24120340NITEROI        RJUNIAO UMB DOS CULTOS AFRO BRAS    28021810 000011
10231987175000168817800093673    00006418                     000064180000000000000109                     I016418      28021800000000035003410000017N271217050900000000000102802180000000000000000000000000000000000000000100088677079734MARIA APARECIDA MORAIS DOS SAN          RUA OLAVO GAMA, TRAVESSA F - PROJETADA BGUARATIBA - 23040400RIO DE JANEIRO RJUNIAO UMB DOS CULTOS AFRO BRAS    28021810 000012
10231987175000168817800093673    00006419                     000064190000000000000109                     I016419      28021800000000035003410000017N271217050900000000000102802180000000000000000000000000000000000000000100012948872898LUCILENE BARROS                         RUA DO PIANO 21                         CAMPOS ELISI25225218DUQUE DE CAXIASRJUNIAO UMB DOS CULTOS AFRO BRAS    28021810 000013
10231987175000168817800093673    00006399                     000063990000000000000109                     I016399      28021800000000035003410000017N271217050900000000000102802180000000000000000000000000000000000000000100059099747772EULINA LUCIA RODRIGUES DE SOUZ          RUA XAVIER DOS PASSAROS, 18 FUNDOS      PIEDADE - RJ20740330RIO DE JANEIRO RJUNIAO UMB DOS CULTOS AFRO BRAS    28021810 000014
10231987175000168817800093673    00006397                     000063970000000000000109                     I016397      28021800000000035003410000017N271217050900000000000102802180000000000000000000000000000000000000000100009116311787ETELVINA SOUZA DUARTE                   RUA CAIABU, 137 APTO 403                IRAJA - RJ  21361230RIO DE JANEIRO RJUNIAO UMB DOS CULTOS AFRO BRAS    28021810 000015
10231987175000168817800093673    00006340                     000063400000000000000109                     I016340      28021800000000035003410000017N271217050900000000000102802180000000000000000000000000000000000000000100031668500744TERESA CRISTINA PINTO DE NOVAE          AVENIDA: GLAUCIO GIL Nº 310 APTº 103  RECREIO DOS 22795172RIO DE JANEIRO RJUNIAO UMB DOS CULTOS AFRO BRAS    28021810 000016
10231987175000168817800093673    00004855                     000048550000000000000109                     I014855      31011800000000035003410000017N261217050900000000000103101180000000000000000000000000000000000000000100011039470793ZENY FILIPPE DE CASTRO                  RUA PROFESSOR PLINIO OLINDO, 102        PADRE MIGUEL21860160RIO DE JANEIRO RJUNIAO UMB DOS CULTOS AFRO BRAS    31011810 000017
10231987175000168817800093673    00006105                     000061050000000000000109                     I016105      28021800000000035003410000017N271217050900000000000102802180000000000000000000000000000000000000000100011039470793ZENY FILIPPE DE CASTRO                  RUA PROFESSOR PLINIO OLINDO, 102        PADRE MIGUEL21860160RIO DE JANEIRO RJUNIAO UMB DOS CULTOS AFRO BRAS    28021810 000018
10231987175000168817800093673    00006993                     000069930000000000000109                     I016993      28021800000000035003410000017N271217050900000000000102802180000000000000000000000000000000000000000100000449685748OLGA SODRE DE CASTRO E PALMIRA          PRACA JOAO PONTES, 10                   SANTA TEREZI26554420MESQUITA       RJUNIAO UMB DOS CULTOS AFRO BRAS    28021810 000019
10231987175000168817800093673    00006247                     000062470000000000000109                     I016247      28021800000000035003410000017N271217050900000000000102802180000000000000000000000000000000000000000100003314020767ANTONIA GOMES DOS SANTOS MOREI          O MESMO                                 O MESMO     26383450QUEIMADOS      RJUNIAO UMB DOS CULTOS AFRO BRAS    28021810 000020
10231987175000168817800093673    00006248                     000062480000000000000109                     I016248      28021800000000035003410000017N271217050900000000000102802180000000000000000000000000000000000000000100002036570712ANDREIA SANTANNA DO NASCIMENTO          O MESMO                                 O MESMO     25570190SAO JOAO DE MERRJUNIAO UMB DOS CULTOS AFRO BRAS    28021810 000021
10231987175000168817800093673    00006236                     000062360000000000000109                     I016236      28021800000000035003410000017N271217050900000000000102802180000000000000000000000000000000000000000100015827814784THAYNAN ERNANDES DA SILVA PINH          RUA EXPEDICIONARIO AMERICO FERNANDES N 2RIO DO OURO 24752300SAO GONCALO    RJUNIAO UMB DOS CULTOS AFRO BRAS    28021810 000022
10231987175000168817800093673    00006237                     000062370000000000000109                     I016237      28021800000000035003410000017N271217050900000000000102802180000000000000000000000000000000000000000100089041950710ANA LUCIA GUIMARAES MOURA ALVE          RUA CARLOS ILIDRO N 189                 BANCARIOS - 21910160ILHA DO GOVERNARJUNIAO UMB DOS CULTOS AFRO BRAS    28021810 000023
10231987175000168817800093673    00006238                     000062380000000000000109                     I016238      28021800000000035003410000017N271217050900000000000102802180000000000000000000000000000000000000000100043397170706VERA LUCIA FERREIRA DA SILVA            RUA ALICE N 183                         COMENDADOR S26262030NOVA IGUACU    RJUNIAO UMB DOS CULTOS AFRO BRAS    28021810 000024
10231987175000168817800093673    00006239                     000062390000000000000109                     I016239      28021800000000035003410000017N271217050900000000000102802180000000000000000000000000000000000000000100063441314700AMARA DE CARVALHO DANIEL                RUA FREDERICO LEAL N 146 CASA 2         BANGU - RIO 21825110RIO DE JANEIRO RJUNIAO UMB DOS CULTOS AFRO BRAS    28021810 000025
10231987175000168817800093673    00006240                     000062400000000000000109                     I016240      28021800000000035003410000017N271217050900000000000102802180000000000000000000000000000000000000000100063440612720SILVANA MANGIA DE SOUZA                 RUA ACANTO N 20                         BANGU - RJ  21830080RIO DE JANEIRO RJUNIAO UMB DOS CULTOS AFRO BRAS    28021810 000026
10231987175000168817800093673    00006241                     000062410000000000000109                     I016241      28021800000000035003410000017N271217050900000000000102802180000000000000000000000000000000000000000100009886046716ANA CRISTINA DE ALMEIDA TRINDA          O MESMO                                 O MESMO     21555020RIO DE JANEIRO RJUNIAO UMB DOS CULTOS AFRO BRAS    28021810 000027
10231987175000168817800093673    00006244                     000062440000000000000109                     I016244      28021800000000035003410000017N271217050900000000000102802180000000000000000000000000000000000000000100062497073791SIDIRENE FRANCISCO MACHADO              RUA PALMEIRA DAS MISSOES 422 FUNDOS     VILA SANTA R23015220CAMPO GRANDE   RJUNIAO UMB DOS CULTOS AFRO BRAS    28021810 000028
10231987175000168817800093673    00006246                     000062460000000000000109                     I016246      28021800000000035003410000017N271217050900000000000102802180000000000000000000000000000000000000000100010324446730DEBORA ANDRADE SILVA                    O MESMO                                 O MESMO     22720360RIO DE JANEIRO RJUNIAO UMB DOS CULTOS AFRO BRAS    28021810 000029
10231987175000168817800093673    00006242                     000062420000000000000109                     I016242      28021800000000035003410000017N271217050900000000000102802180000000000000000000000000000000000000000100014708764774ADILSON CARNEIRO PINTO                  R JUREMA 49                             GUARATIBA   23035380RIO DE JANEIRO RJUNIAO UMB DOS CULTOS AFRO BRAS    28021810 000030
10231987175000168817800093673    00006243                     000062430000000000000109                     I016243      28021800000000035003410000017N271217050900000000000102802180000000000000000000000000000000000000000100003250127760MARIA ZULEICA CRUZ DA SILVA             O MESMO                                 O MESMO     26010421NOVA IGUACU    RJUNIAO UMB DOS CULTOS AFRO BRAS    28021810 000031
10231987175000168817800093673    00006245                     000062450000000000000109                     I016245      28021800000000035003410000017N271217050900000000000102802180000000000000000000000000000000000000000100005556657718EDUARDO DE OLIVEIRA SILVA               AV. GETULIO DE MOURA LOTE 9 QUADRA 1    A.PORTO / S.25520660SAO JOAO DE MERRJUNIAO UMB DOS CULTOS AFRO BRAS    28021810 000032
10231987175000168817800093673    00006542                     000065420000000000000109                     I016542      28021800000000035003410000017N271217050900000000000102802180000000000000000000000000000000000000000100085212091772ADAO DIAS FUNCHAL FILHO                 RUA WALTER FERREIRA, 1752 - SAO FRANCISCMAUA - MAGE 25900000MAGE           RJUNIAO UMB DOS CULTOS AFRO BRAS    28021810 000033
10231987175000168817800093673    00006535                     000065350000000000000109                     I016535      28021800000000035003410000017N271217050900000000000102802180000000000000000000000000000000000000000100063761092768JANET BATISTA DA CONCEICAO              RUA SERRA VELHA, 41                     RAIZ DA SERR25935000MAGE           RJUNIAO UMB DOS CULTOS AFRO BRAS    28021810 000034
10231987175000168817800093673    00007128                     000071280000000000000109                     I017128      28021800000000035003410000017N271217050900000000000102802180000000000000000000000000000000000000000100074442163715MONICA BARCELLOS DE PAULA               AVENIDA VICENTE DE CARVALHO, 560        VICENTE DE C21371148RIO DE JANEIRO RJUNIAO UMB DOS CULTOS AFRO BRAS    28021810 000035
10231987175000168817800093673    00006583                     000065830000000000000109                     I016583      28021800000000035003410000017N271217050900000000000102802180000000000000000000000000000000000000000100002558274740RITA DE CASSIA BRITO DE SOUZA           RUA HOMERO PINTO CAPUTO, 90 CASA 102    BANGU - RIO 21863080RIO DE JANEIRO RJUNIAO UMB DOS CULTOS AFRO BRAS    28021810 000036
10231987175000168817800093673    00006536                     000065360000000000000109                     I016536      28021800000000035003410000017N271217050900000000000102802180000000000000000000000000000000000000000100041795458704VERA LUCIA DE MACEDO                    RUA JOSE CARLOS PACE, 50 CASA 50        CENTRO - MAR24900000MARICA         RJUNIAO UMB DOS CULTOS AFRO BRAS    28021810 000037
10231987175000168817800093673    00006499                     000064990000000000000109                     I016499      28021800000000035003410000017N271217050900000000000102802180000000000000000000000000000000000000000100075078392734MARCIA HELENA DE AZEVEDO MUNIZ          RUA OSMUNDO PIMENTEL, 70 CASA 1         BRAZ DE PINA00000001RIO DE JANEIRO RJUNIAO UMB DOS CULTOS AFRO BRAS    28021810 000038
10231987175000168817800093673    00006497                     000064970000000000000109                     I016497      28021800000000035003410000017N271217050900000000000102802180000000000000000000000000000000000000000100065196171720MARIA DAS GRACAS OLIVEIRA               RUA FRANCISCO MANOEL, 22                PONTO CHIQUE26032835NOVA IGUACU    RJUNIAO UMB DOS CULTOS AFRO BRAS    28021810 000039
10231987175000168817800093673    00006498                     000064980000000000000109                     I016498      28021800000000035003410000017N271217050900000000000102802180000000000000000000000000000000000000000100002418033732EDSON LUIZ ALVES DE CARVALHO            AVENIDA PORTO SEGURO, 526 ANTIGA RUA 30 LAGOMAR - MA27966870MACAE          RJUNIAO UMB DOS CULTOS AFRO BRAS    28021810 000040
10231987175000168817800093673    00006561                     000065610000000000000109                     I016561      28021800000000035003410000017N271217050900000000000102802180000000000000000000000000000000000000000100077165772718EDNA SANTOS DA TRINDADE                 ESTRADA DO PIAI N 3910 - QUADRA B CASA 7SEPETIBA - R23530610RIO DE JANEIRI RJUNIAO UMB DOS CULTOS AFRO BRAS    28021810 000041
10231987175000168817800093673    00006562                     000065620000000000000109                     I016562      28021800000000035003410000017N271217050900000000000102802180000000000000000000000000000000000000000100022958908291JOSE WILSON SCHARTZ BITTENCOUR          RUA GERALDO RIBEIRO N 345               PORTO NOVO -24435690SAO GONCALO    RJUNIAO UMB DOS CULTOS AFRO BRAS    28021810 000042
10231987175000168817800093673    00006563                     000065630000000000000109                     I016563      28021800000000035003410000017N271217050900000000000102802180000000000000000000000000000000000000000100002096604737GISELLE BRAGA TORRES DE SOUZA           RUA LEOPOLDINA REGO N 619 APT 1005      OLARIA - RIO21021523RIO DE JANEIRO RJUNIAO UMB DOS CULTOS AFRO BRAS    28021810 000043
10231987175000168817800093673    00006564                     000065640000000000000109                     I016564      28021800000000035003410000017N271217050900000000000102802180000000000000000000000000000000000000000100063345862700GLORIA MARIA DAMASCENO DE OLIV          AVENIDA JOSE MARIANO PASSOS N 1495      CENTRO - BEL26130570BELFORD ROXO   RJUNIAO UMB DOS CULTOS AFRO BRAS    28021810 000044
10231987175000168817800093673    00006565                     000065650000000000000109                     I016565      28021800000000035003410000017N271217050900000000000102802180000000000000000000000000000000000000000100007609502707WALDENILSON DUARTE DOS SANTOS           RUA CAMPISTA 90                         CABUCU - NOV26355500RIO DE JANEIRO RJUNIAO UMB DOS CULTOS AFRO BRAS    28021810 000045
10231987175000168817800093673    00006586                     000065860000000000000109                     I016586      28021800000000035003410000017N271217050900000000000102802180000000000000000000000000000000000000000100081891423720MAURO DINIZ                             RUA CINQUENTA E UM, LT 10 QDA 194 CASA 2JARDIM ATLAN24934625MARICA         RJUNIAO UMB DOS CULTOS AFRO BRAS    28021810 000046
10231987175000168817800093673    00006587                     000065870000000000000109                     I016587      28021800000000035003410000017N271217050900000000000102802180000000000000000000000000000000000000000100001645493741MARIA FERRAZ DO NASCIMENTO              RUA A JOAO IZAQUE, 292                  BELVEDERE - 27113350BARRA DO PIRAI RJUNIAO UMB DOS CULTOS AFRO BRAS    28021810 000047
10231987175000168817800093673    00006588                     000065880000000000000109                     I016588      28021800000000035003410000017N271217050900000000000102802180000000000000000000000000000000000000000100081929773749OSMAR FERREIRA DA SILVA                 ESTRADA BENTO BARBOSA DE CARVALHO, 2931 TINGUA - NOV26062460NOVA IGUACU    RJUNIAO UMB DOS CULTOS AFRO BRAS    28021810 000048
10231987175000168817800093673    00006589                     000065890000000000000109                     I016589      28021800000000035003410000017N271217050900000000000102802180000000000000000000000000000000000000000100088873366791CRISTINA SOUZA CAVALCANTE               RUA ARALIA, 345                         CURICICA - J22710010RIO DE JANEIRO RJUNIAO UMB DOS CULTOS AFRO BRAS    28021810 000049
10231987175000168817800093673    00006904                     000069040000000000000109                     I016904      28021800000000035003410000017N271217050900000000000102802180000000000000000000000000000000000000000100005235517709SIDNEY ROBERTO SILVA DE CARVAL          RUA DONATELO, LOTE 27 QUADRA 38         GUARATIBA   23028210RIO DE JANEIRO RJUNIAO UMB DOS CULTOS AFRO BRAS    28021810 000050
10231987175000168817800093673    00006666                     000066660000000000000109                     I016666      28021800000000035003410000017N271217050900000000000102802180000000000000000000000000000000000000000100047448865749NEUSA MARIA DA SILVA                    AVENIDA CORONEL PHIDIAS TAVORA, RUA LIRIJARDIM AMERI21535590RIO DE JANEIRO RJUNIAO UMB DOS CULTOS AFRO BRAS    28021810 000051
10231987175000168817800093673    00006738                     000067380000000000000109                     I016738      28021800000000035003410000017N271217050900000000000102802180000000000000000000000000000000000000000100074597035753LUCIMAR DE SOUZA DIAS                   RUA LIGIA MALAGUTI, 150                 BOMBAS DO GU26357000NOVA IGUACU    RJUNIAO UMB DOS CULTOS AFRO BRAS    28021810 000052
10231987175000168817800093673    00006988                     000069880000000000000109                     I016988      28021800000000035003410000017N271217050900000000000102802180000000000000000000000000000000000000000100040883612704JOAO ROBERTO ROJA SIMOES                RUA QUITO, 384                          PENHA - RIO 21020330RIO DE JANEIRO RJUNIAO UMB DOS CULTOS AFRO BRAS    28021810 000053
10231987175000168817800093673    00007153                     000071530000000000000109                     I017153      28021800000000035003410000017N271217050900000000000102802180000000000000000000000000000000000000000100000920173713JORGE DOS SANTOS LUCAS                  RUA PP, LOTE 5 QUADRA 48                JARDIM ANHAN25264360DUQUE DE CAXIASRJUNIAO UMB DOS CULTOS AFRO BRAS    28021810 000054
10231987175000168817800093673    00006699                     000066990000000000000109                     I016699      28021800000000035003410000017N271217050900000000000102802180000000000000000000000000000000000000000100073431850715SIDNEY MEGE                             RUA: GENERAL CORREIA DO LAGO Nº 426    HONORIO GURG21511320RIO DE JANEIRO RJUNIAO UMB DOS CULTOS AFRO BRAS    28021810 000055
10231987175000168817800093673    00006700                     000067000000000000000109                     I016700      28021800000000035003410000017N271217050900000000000102802180000000000000000000000000000000000000000100024223450778MARIA DA NATIVIDADE ROCHA               AV.: CANAL QUADRA 56 LOTE 22 - NOSSA SENCAMPO GRANDE23097580CAMPO GRANDE   RJUNIAO UMB DOS CULTOS AFRO BRAS    28021810 000056
10231987175000168817800093673    00006701                     000067010000000000000109                     I016701      28021800000000035003410000017N271217050900000000000102802180000000000000000000000000000000000000000100003315003700ROGERIO DE SOUZA RODRIGUES              RUA: DA LAGOA LOTE 2 QUADRA 1           SAO BENTO - 28600000DUQUE DE CAXIASRJUNIAO UMB DOS CULTOS AFRO BRAS    28021810 000057
10231987175000168817800093673    00006770                     000067700000000000000109                     I016770      28021800000000035003410000017N271217050900000000000102802180000000000000000000000000000000000000000100091156386772MARILENE PEREIRA DOS SANTOS CO          ESTRADA DO PORTELA  694                 OSVALDO CRUZ21351050RIO DE JANEIRO RJUNIAO UMB DOS CULTOS AFRO BRAS    28021810 000058
10231987175000168817800093673    00006771                     000067710000000000000109                     I016771      28021800000000035003410000017N271217050900000000000102802180000000000000000000000000000000000000000100000260923796RITA LUZIE HENRIQUE DA SILVA A          O MESMO                                 O MESMO     20541170RIO DE JANEIRO RJUNIAO UMB DOS CULTOS AFRO BRAS    28021810 000059
10231987175000168817800093673    00006828                     000068280000000000000109                     I016828      28021800000000035003410000017N271217050900000000000102802180000000000000000000000000000000000000000100069833850715WALTER LIMA DE AVELLAR                  RUA SAO JOSE, S/N QUADRA 47 LOTE 19     ITAIPUACU - 24900000MARICA         RJUNIAO UMB DOS CULTOS AFRO BRAS    28021810 000060
10231987175000168817800093673    00006829                     000068290000000000000109                     I016829      28021800000000035003410000017N271217050900000000000102802180000000000000000000000000000000000000000100062700090730ZORAIA TOGNARELLI DA CRUZ               RUA CORREA DUTRA, 78 APTO 501           FLAMENGO - R22210050RIO DE JANEIRO RJUNIAO UMB DOS CULTOS AFRO BRAS    28021810 000061
10231987175000168817800093673    00006830                     000068300000000000000109                     I016830      28021800000000035003410000017N271217050900000000000102802180000000000000000000000000000000000000000100007469084746SILVIO GOMES BARBOSA                    RUA ALCIDES MAIA, 78 CASA 3             BENTO RIBEIR21550560RIO DE JANEIRO RJUNIAO UMB DOS CULTOS AFRO BRAS    28021810 000062
10231987175000168817800093673    00007009                     000070090000000000000109                     I017009      28021800000000035003410000017N271217050900000000000102802180000000000000000000000000000000000000000100061269743791JUREMA MARCIA COELHO CETERUELO          RUA TERESOPOLIS, 46                     JARDIM METRO25570371SAO JOAO DE MERRJUNIAO UMB DOS CULTOS AFRO BRAS    28021810 000063
10231987175000168817800093673    00007010                     000070100000000000000109                     I017010      28021800000000035003410000017N271217050900000000000102802180000000000000000000000000000000000000000100000740142771PAULO SERGIO FONTES DE SOUSA            RODOVIA LUCIO MEIRA, 45772 - KM 249 BR-3MINUANO - BA27115190BARRA DO PIRAI RJUNIAO UMB DOS CULTOS AFRO BRAS    28021810 000064
10231987175000168817800093673    00007011                     000070110000000000000109                     I017011      28021800000000035003410000017N271217050900000000000102802180000000000000000000000000000000000000000100027313590725JOAO BATISTA FERREIRA                   RUA TEIXEIRA PINTO, 116                 ENGENHEIRO B25520210SAO JOAO DE MERRJUNIAO UMB DOS CULTOS AFRO BRAS    28021810 000065
10231987175000168817800093673    00007028                     000070280000000000000109                     I017028      28021800000000035003410000017N271217050900000000000102802180000000000000000000000000000000000000000100009952239718EVANGELO RAIMUNDO                       RUA GENUINO SIQUEIRA, 52                JARDIM MERIT25555300SAO JOAO DE MERRJUNIAO UMB DOS CULTOS AFRO BRAS    28021810 000066
10231987175000168817800093673    00007029                     000070290000000000000109                     I017029      28021800000000035003410000017N271217050900000000000102802180000000000000000000000000000000000000000100060709910797FATIMA REGINA CARVALHO                  RUA GENERAL EMIR, QUADRA 39 LOTE 1 CASA ITAIPUACU - 24935540MARICA         RJUNIAO UMB DOS CULTOS AFRO BRAS    28021810 000067
10231987175000168817800093673    00007030                     000070300000000000000109                     I017030      28021800000000035003410000017N271217050900000000000102802180000000000000000000000000000000000000000100013513344890LUCIANO MAURICIO ESTEVES OSTER          ESTRADA ANTONIO DOS REIS CARNEIRO, 154  SAO JOSE - B26193320BELFORD ROXO   RJUNIAO UMB DOS CULTOS AFRO BRAS    28021810 000068
10231987175000168817800093673    00007031                     000070310000000000000109                     I017031      28021800000000035003410000017N271217050900000000000102802180000000000000000000000000000000000000000100014190708780MATHEUS APOLONIO DO AMARAL              TRAVESSA SILVEIRA DA MOTA, 24 CASA 2    SAO LOURENCO24060048NITEROI        RJUNIAO UMB DOS CULTOS AFRO BRAS    28021810 000069
9                                                                                                                                                                                                                                                                                                                                                                                                         000070
