01REMESSA01COBRANCA       817800093673        União Umb dos Cultos Afro Bra341BANCO ITAU SA  090118                                                                                                                                                                                                                                                                                                      000001
10231987175000168817800093673    00006036                     000060360000000000000109                     I016036      31011800000000035003410000017N261217050900000000000103101180000000000000000000000000000000000000000100078514533568PAULO SERGIO SANTOS SANTANA             RUA: W 12 -  TRAVESSA SENA CASA 10      LAGOMAR - MA27966590MACAE          RJUNIAO UMB DOS CULTOS AFRO BRAS    31011810 000002
10231987175000168817800093673    00006035                     000060350000000000000109                     I016035      31011800000000035003410000017N261217050900000000000103101180000000000000000000000000000000000000000100010267774702NATHALIA SOUTELINHO FERREIRA            MARIA NATALIA                           GUARATIBA   23028270RIO DE JANEIRO RJUNIAO UMB DOS CULTOS AFRO BRAS    31011810 000003
10231987175000168817800093673    00006034                     000060340000000000000109                     I016034      31011800000000035003410000017N261217050900000000000103101180000000000000000000000000000000000000000100007208431701WEMERSON JOAO FARIAS DA SILVA           RUA: C N 3 LOTE 3 QUADRA G              SEPETIBA - R23545040RIO DE JANEIRO RJUNIAO UMB DOS CULTOS AFRO BRAS    31011810 000004
10231987175000168817800093673    00006033                     000060330000000000000109                     I016033      31011800000000035003410000017N261217050900000000000103101180000000000000000000000000000000000000000100073960560710CLAUDIA MARIA DE OLIVEIRA DOS           RUA: CARATUVA N 145                     JARDIM SULAC22725020RIO DE JANEIRO RJUNIAO UMB DOS CULTOS AFRO BRAS    31011810 000005
10231987175000168817800093673    00006032                     000060320000000000000109                     I016032      31011800000000035003410000017N261217050900000000000103101180000000000000000000000000000000000000000100014933850704LIDIA GABRIELLE DIAS RIBEIRO            RUA JORGE BRAGANCA SN LOTE 28 QUADRA 70 BOM PASTOR -26110080BELFORD ROXO   RJUNIAO UMB DOS CULTOS AFRO BRAS    31011810 000006
10231987175000168817800093673    00006031                     000060310000000000000109                     I016031      31011800000000035003410000017N261217050900000000000103101180000000000000000000000000000000000000000100097990531704CICERO ROGERIO DA SILVA MATOS           RUA: ROBERTO N 99                       VILA GUIMARA26088425NOVA IGUACU    RJUNIAO UMB DOS CULTOS AFRO BRAS    31011810 000007
10231987175000168817800093673    00006030                     000060300000000000000109                     I016030      31011800000000035003410000017N261217050900000000000103101180000000000000000000000000000000000000000100001478776790CLEUSA FERREIRA PEREIRA                 RUA THEREMIN N 393                      COELHO NETO 21530290RIO DE JANEIRO RJUNIAO UMB DOS CULTOS AFRO BRAS    31011810 000008
10231987175000168817800093673    00006029                     000060290000000000000109                     I016029      31011800000000035003410000017N261217050900000000000103101180000000000000000000000000000000000000000100067424647734MARCIA VALERIA VALIATI DOS SAN          RUA CONSTANCA BARBOSA N 65 APT 202      MEIER - RIO 20735090RIO DE JANEIRO RJUNIAO UMB DOS CULTOS AFRO BRAS    31011810 000009
10231987175000168817800093673    00006028                     000060280000000000000109                     I016028      31011800000000035003410000017N261217050900000000000103101180000000000000000000000000000000000000000100002621693717JUREMA DE OLIVEIRA RODRIGUES            ESTRADA INTENDENTE MAGALHAES N 196 APT 1CAMPINHO - R21341330RIO DE JANEIRO RJUNIAO UMB DOS CULTOS AFRO BRAS    31011810 000010
10231987175000168817800093673    00006026                     000060260000000000000109                     I016026      31011800000000035003410000017N261217050900000000000103101180000000000000000000000000000000000000000100010292272766MARCIA JUPIRA SANTOS GONZAGA            RUA ANTONIO FELIX N 457                 CENTRO - NIL26520081NILOPOLIS      RJUNIAO UMB DOS CULTOS AFRO BRAS    31011810 000011
10231987175000168817800093673    00006025                     000060250000000000000109                     I016025      31011800000000035003410000017N261217050900000000000103101180000000000000000000000000000000000000000100090490894704EVELINE DA CONCEICAO                    AVENIDA ATLANTIDA  SN                   LAGOMAR - MA27966000MACAE          RJUNIAO UMB DOS CULTOS AFRO BRAS    31011810 000012
10231987175000168817800093673    00006024                     000060240000000000000109                     I016024      31011800000000035003410000017N261217050900000000000103101180000000000000000000000000000000000000000100013397736781JOVANE RANGEL DA SILVA                  RUA SILVA JARDIM N 200                  CENTRO - MAC27910340MACAE          RJUNIAO UMB DOS CULTOS AFRO BRAS    31011810 000013
10231987175000168817800093673    00006023                     000060230000000000000109                     I016023      31011800000000035003410000017N261217050900000000000103101180000000000000000000000000000000000000000100004188514760LUIZ CARLOS PEREIRA DA SILVA            RUA W N 24 TRAVESSA 13                  LAGOMAR - MA27966755MACAE          RJUNIAO UMB DOS CULTOS AFRO BRAS    31011810 000014
10231987175000168817800093673    00006022                     000060220000000000000109                     I016022      31011800000000035003410000017N261217050900000000000103101180000000000000000000000000000000000000000100045672512704MARLUCIA AMADOR DO SERRO PINTO          RUA MARTHA ALCANTARA FARES              MARIA ANGELI25940000GUAPIMIRIM     RJUNIAO UMB DOS CULTOS AFRO BRAS    31011810 000015
10231987175000168817800093673    00006019                     000060190000000000000109                     I016019      31011800000000035003410000017N261217050900000000000103101180000000000000000000000000000000000000000100095181890725ALEXANDRE DE SOUZA TAVARES SEN          O MESMO                                 O MESMO     26260230NOVA IGUACU    RJUNIAO UMB DOS CULTOS AFRO BRAS    31011810 000016
10231987175000168817800093673    00006018                     000060180000000000000109                     I016018      31011800000000035003410000017N261217050900000000000103101180000000000000000000000000000000000000000100014527767763THIERRY PADILHA MOTA                    RUA ALCIR BRASIL N 706                  JARDIM NOVA 26266010NOVA IGUACU    RJUNIAO UMB DOS CULTOS AFRO BRAS    31011810 000017
10231987175000168817800093673    00006017                     000060170000000000000109                     I016017      31011800000000035003410000017N261217050900000000000103101180000000000000000000000000000000000000000100011122717750RODRIGO DINIZ DA COSTA                  RUA ENGENHO DE DENTRO N 177 LOTE 26 QUADVILAR DOS TE02556523SAO JOAO DE MERRJUNIAO UMB DOS CULTOS AFRO BRAS    31011810 000018
10231987175000168817800093673    00006016                     000060160000000000000109                     I016016      31011800000000035003410000017N261217050900000000000103101180000000000000000000000000000000000000000100013090350750REINALDO GONCALVES DE OLIVEIRA          RUA DOMINGOS LEMOS N 99                 COELHO DA RO02550721SAO JOAO DE MERRJUNIAO UMB DOS CULTOS AFRO BRAS    31011810 000019
10231987175000168817800093673    00006014                     000060140000000000000109                     I016014      31011800000000035003410000017N261217050900000000000103101180000000000000000000000000000000000000000100012993228257ANDREIA CRISTINA VICENTE                RUA CORONEL CARLOS MATOS                PARQUE JOAO 25030140DUQUE DE CAXIASRJUNIAO UMB DOS CULTOS AFRO BRAS    31011810 000020
10231987175000168817800093673    00006011                     000060110000000000000109                     I016011      31011800000000035003410000017N261217050900000000000103101180000000000000000000000000000000000000000100092111777749WANDERLEY DOS SANTOS MENDES             PRACA EMBOABA Nº 67                    ENGENHO DA R20761160RIO DE JANEIRO RJUNIAO UMB DOS CULTOS AFRO BRAS    31011810 000021
10231987175000168817800093673    00006010                     000060100000000000000109                     I016010      31011800000000035003410000017N261217050900000000000103101180000000000000000000000000000000000000000100009416663794IGOR DO NASCIMENTO RODRIGUES            RUA FIGUEIREDO ROCHA N 665              VIGARIO GERA21240660RIO DE JANEIRO RJUNIAO UMB DOS CULTOS AFRO BRAS    31011810 000022
10231987175000168817800093673    00006009                     000060090000000000000109                     I016009      31011800000000035003410000017N261217050900000000000103101180000000000000000000000000000000000000000100090432894772ALTAMIRO DAMASCENO MONCAO               RUA TENERIFE N 8 - PARADA DE LUCAS      PARADA DE LU21010000RIO DE JANEIRO RJUNIAO UMB DOS CULTOS AFRO BRAS    31011810 000023
10231987175000168817800093673    00006008                     000060080000000000000109                     I016008      31011800000000035003410000017N261217050900000000000103101180000000000000000000000000000000000000000100040664325734GENI BARBOSA ROCHA DA SILVA             O MESMO                                 O MESMO     25268020RIO DE JANEIROIRJUNIAO UMB DOS CULTOS AFRO BRAS    31011810 000024
10231987175000168817800093673    00006006                     000060060000000000000109                     I016006      31011800000000035003410000017N261217050900000000000103101180000000000000000000000000000000000000000100012003631755ALEXSANDRO CORREA                       RUA SEBASTIAO DE SOUZA GOUVEIA N 12 CASAIRAJA - RIO 21235410RIO DE JANEIRO RJUNIAO UMB DOS CULTOS AFRO BRAS    31011810 000025
10231987175000168817800093673    00006005                     000060050000000000000109                     I016005      31011800000000035003410000017N261217050900000000000103101180000000000000000000000000000000000000000100087306689720JANAINA SANTA CRUZ COSTA                ALAMEDA SANTO ANTONIO N 974             SEPETIBA - R23535660RIO DE JANEIRO RJUNIAO UMB DOS CULTOS AFRO BRAS    31011810 000026
10231987175000168817800093673    00006004                     000060040000000000000109                     I016004      31011800000000035003410000017N261217050900000000000103101180000000000000000000000000000000000000000100092915434700MARIA MANOLA GIL DE ALMEIDA             RUA MARQUES GUIMARAES N 19              IRAJA - RIO 21230820RIO DE JANEIRO RJUNIAO UMB DOS CULTOS AFRO BRAS    31011810 000027
10231987175000168817800093673    00006003                     000060030000000000000109                     I016003      31011800000000035003410000017N261217050900000000000103101180000000000000000000000000000000000000000100060210389753ROZANA DOS SANTOS                       RUA MARANHAO N 1057 RUA B CASA 73       MEIER - RIO 23060720RIO DE JANEIRO RJUNIAO UMB DOS CULTOS AFRO BRAS    31011810 000028
10231987175000168817800093673    00006002                     000060020000000000000109                     I016002      31011800000000035003410000017N261217050900000000000103101180000000000000000000000000000000000000000100088041883753JORGE COSTA BRAGA FILHO                 RUA MARQUES DE JACAREPAGUA N 707 BLOCO 2TAQUARA - RI22730290RIO DE JANEIRO RJUNIAO UMB DOS CULTOS AFRO BRAS    31011810 000029
10231987175000168817800093673    00006001                     000060010000000000000109                     I016001      31011800000000035003410000017N261217050900000000000103101180000000000000000000000000000000000000000100016618405742MILTON CARLOS JUNIO QUINTANILH          RUA SEIS LOTES 13 E 14 QUADRA 8         PARADA MORAB25265000DUQUE DE CAXIASRJUNIAO UMB DOS CULTOS AFRO BRAS    31011810 000030
10231987175000168817800093673    00006000                     000060000000000000000109                     I016000      31011800000000035003410000017N261217050900000000000103101180000000000000000000000000000000000000000100005234763706LUCIANA FERREIRA DE ALMEIDA             RUA QUATRO LOTE 1 QUADRA 258            PARADA MORAB25265220DUQUE DE CAXIASRJUNIAO UMB DOS CULTOS AFRO BRAS    31011810 000031
10231987175000168817800093673    00005999                     000059990000000000000109                     I015999      31011800000000035003410000017N261217050900000000000103101180000000000000000000000000000000000000000100012009305760DEBORA CRISTINA DE OLIVEIRA BR          RUA ORLANDO CARLOS DA CONCEICAO N 10    COROA GRANDE23820800ITAGUAI        RJUNIAO UMB DOS CULTOS AFRO BRAS    31011810 000032
10231987175000168817800093673    00005998                     000059980000000000000109                     I015998      31011800000000035003410000017N261217050900000000000103101180000000000000000000000000000000000000000100000759136742ADRIANA LAPORT ALVES                    RUA DONA CLARA DE ARAUJO N 681          ANDRADE ARAU26010390NOVA IGUACU    RJUNIAO UMB DOS CULTOS AFRO BRAS    31011810 000033
10231987175000168817800093673    00005997                     000059970000000000000109                     I015997      31011800000000035003410000017N261217050900000000000103101180000000000000000000000000000000000000000100084301724753ANA LUCIA FERREIRA DA SILVA             RUA HUGO CESAR MONTEIRO DA SILVA N 42   CAICARA - NO26015000NOVA IGUACU    RJUNIAO UMB DOS CULTOS AFRO BRAS    31011810 000034
10231987175000168817800093673    00005996                     000059960000000000000109                     I015996      31011800000000035003410000017N261217050900000000000103101180000000000000000000000000000000000000000100090618254749NELY MOREIRA GOMES                      RUA GOMES CARNEIRO SN LOTE 12 QUADRA 60 SARACURUNA -25211050DUQUE DE CAXIASRJUNIAO UMB DOS CULTOS AFRO BRAS    31011810 000035
10231987175000168817800093673    00005995                     000059950000000000000109                     I015995      31011800000000035003410000017N261217050900000000000103101180000000000000000000000000000000000000000100076348547787EDIVANICE DE OLIVEIRA DA CRUZ           RUA J J COWSERT N 300 CASA 20           TOMAS COELHO21370450RIO DE JANEIRO RJUNIAO UMB DOS CULTOS AFRO BRAS    31011810 000036
10231987175000168817800093673    00005994                     000059940000000000000109                     I015994      31011800000000035003410000017N261217050900000000000103101180000000000000000000000000000000000000000100000891933778MARIA DAS NEVES FERREIRA DO NA          RUA CAMINHO DA CHACARA N 519            PRACA SECA -22733060RIO DE JANEIRO RJUNIAO UMB DOS CULTOS AFRO BRAS    31011810 000037
10231987175000168817800093673    00005993                     000059930000000000000109                     I015993      31011800000000035003410000017N261217050900000000000103101180000000000000000000000000000000000000000100012450258728MONIQUE RODRIGUES DE ALMEIDA            RUA CESAR N 277                         REALENGO - R21750400RIO DE JANEIRO RJUNIAO UMB DOS CULTOS AFRO BRAS    31011810 000038
10231987175000168817800093673    00005992                     000059920000000000000109                     I015992      31011800000000035003410000017N261217050900000000000103101180000000000000000000000000000000000000000100008578432738WANDERSON DOS SANTOS LOPES              RUA SATURNO SN QUADRA 12 LOTE 16        VILA GENI - 23825517COROA GRANDE   RJUNIAO UMB DOS CULTOS AFRO BRAS    31011810 000039
10231987175000168817800093673    00005991                     000059910000000000000109                     I015991      31011800000000035003410000017N261217050900000000000103101180000000000000000000000000000000000000000100000598812750ELIZABETE DOS SANTOS LUCIANO            RUA GOLGOTA LOTE 44 QUADRA 33           CHACARA RIO 25245060DUQUE DE CAXIASRJUNIAO UMB DOS CULTOS AFRO BRAS    31011810 000040
10231987175000168817800093673    00005990                     000059900000000000000109                     I015990      31011800000000035003410000017N261217050900000000000103101180000000000000000000000000000000000000000100008401319765ANDRE FERREIRA DE PAULA                 RUA AMERICO ROCHA N 1095 APT 201        MARECHAL HER21555300RIO DE JANEIRO RJUNIAO UMB DOS CULTOS AFRO BRAS    31011810 000041
10231987175000168817800093673    00005989                     000059890000000000000109                     I015989      31011800000000035003410000017N261217050900000000000103101180000000000000000000000000000000000000000100058365737787ALTAMIRA ROSA                           AVENIDA DO CONTORNO N 17                PARADA MORAB25000000DUQUE DE CAXIASRJUNIAO UMB DOS CULTOS AFRO BRAS    31011810 000042
10231987175000168817800093673    00005988                     000059880000000000000109                     I015988      31011800000000035003410000017N261217050900000000000103101180000000000000000000000000000000000000000100074171372704ELIANE DE SOUZA MACHADO                 RUA ROQUETE PINTO LOTE 22 QUADRA 290 CASJARDIM ANHAN25265200DUQUE DE CAXIASRJUNIAO UMB DOS CULTOS AFRO BRAS    31011810 000043
10231987175000168817800093673    00005987                     000059870000000000000109                     I015987      31011800000000035003410000017N261217050900000000000103101180000000000000000000000000000000000000000100010788322770OLINDA SOARES ADRIANO E JORGE           RUA DOUTOR CARVALHO FERREIRA N 44       PIABETA - MA25937146MAGE           RJUNIAO UMB DOS CULTOS AFRO BRAS    31011810 000044
10231987175000168817800093673    00005986                     000059860000000000000109                     I015986      31011800000000035003410000017N261217050900000000000103101180000000000000000000000000000000000000000100010262557754EDGAR SODRE BANI                        RUA B N 20  LOTE 7 QUADRA 255           PARADA MORAB25265220DUQUE DE CAXIASRJUNIAO UMB DOS CULTOS AFRO BRAS    31011810 000045
10231987175000168817800093673    00005983                     000059830000000000000109                     I015983      31011800000000035003410000017N261217050900000000000103101180000000000000000000000000000000000000000100006876928730DIONE ASSUNCAO SOARES                   RUA SILVIA VIEIRA SN  LOTE 24           FAZENDA SOSS26088475NOVA IGUACU    RJUNIAO UMB DOS CULTOS AFRO BRAS    31011810 000046
10231987175000168817800093673    00005982                     000059820000000000000109                     I015982      31011800000000035003410000017N261217050900000000000103101180000000000000000000000000000000000000000100009616694707ROGERIO LUIZ SOARES                     RUA SANTA BARBARA N  20                 AREAL - ARAR28970000ARARUAMA       RJUNIAO UMB DOS CULTOS AFRO BRAS    31011810 000047
10231987175000168817800093673    00005981                     000059810000000000000109                     I015981      31011800000000035003410000017N261217050900000000000103101180000000000000000000000000000000000000000100063268876749JORGE DA COSTA BARRETO                  AVENIDA JOAQUIM COSTA LIMA LOTE 27 QUADRCENTRO - BEL26112055BELFORD ROXO   RJUNIAO UMB DOS CULTOS AFRO BRAS    31011810 000048
10231987175000168817800093673    00005980                     000059800000000000000109                     I015980      31011800000000035003410000017N261217050900000000000103101180000000000000000000000000000000000000000100003798443700ALINE MODINA TELLES                     RUA DETETIVE PARADA N 8                 VILA DA PENH21221060RIO DE JANEIRO RJUNIAO UMB DOS CULTOS AFRO BRAS    31011810 000049
10231987175000168817800093673    00005979                     000059790000000000000109                     I015979      31011800000000035003410000017N261217050900000000000103101180000000000000000000000000000000000000000100079882749704IRIS BRASILINO VILELA                   RUA SETE DE SETEMBRO N 183              CAMARI - NOV26022202NOVA IGUACU    RJUNIAO UMB DOS CULTOS AFRO BRAS    31011810 000050
10231987175000168817800093673    00005978                     000059780000000000000109                     I015978      31011800000000035003410000017N261217050900000000000103101180000000000000000000000000000000000000000100084441372787LUCIA HELENA DE OLIVEIRA GAMA           RUA PEDRO ANTONIO PEREIRA N 270 FUNDOS  AERO CLUBE -26285291NOVA IGUACU    RJUNIAO UMB DOS CULTOS AFRO BRAS    31011810 000051
9                                                                                                                                                                                                                                                                                                                                                                                                         000052
