01REMESSA01COBRANCA       817800093673        União Umb dos Cultos Afro Bra341BANCO ITAU SA  030418                                                                                                                                                                                                                                                                                                      000001
10231987175000168817800093673    000014317                    000143170000000000000109                     I0114317     06041800000000070003410000017N030418104700000000000100604180000000000000000000000000000000000000000100057231737749ELIZABETE CARVALHO COSTA                RUA EXPEDICIONARIO SIMAO FERNANDES, 31 BCOLUMBANDE -24451700SAO GONCALO    RJUNIAO UMB DOS CULTOS AFRO BRAS    06041810 000002
10231987175000168817800093673    000014316                    000143160000000000000109                     I0114316     30041800000000735003410000017N030418104700000000000103004180000000000000000000000000000000000000000100035838493704CELMO JOSE DE SOUZA                     RUA DA CONCEICAO, 188 SALA 1204 A B     CENTRO - NIT24020087NITEROI        RJUNIAO UMB DOS CULTOS AFRO BRAS    30041810 000003
10231987175000168817800093673    000014315                    000143150000000000000109                     I0114315     06041800000000210003410000017N030418104700000000000100604180000000000000000000000000000000000000000100095294236753ROSANE MOREIRA DE LIMA                  RUA IRIGUATI Nº 63                     OLARIA      21073320RIO DE JANEIRO RJUNIAO UMB DOS CULTOS AFRO BRAS    06041810 000004
10231987175000168817800093673    000014314                    000143140000000000000109                     I0114314     30051800000000035003410000017N030418104700000000000103005180000000000000000000000000000000000000000100033413525700ALBERICE SILVA OLIVEIRA                 RUA DIAS DA CRUZ 170 APT 201            MEIER       20720012RIO DE JANEIRO RJUNIAO UMB DOS CULTOS AFRO BRAS    30051810 000005
10231987175000168817800093673    000014313                    000143130000000000000109                     I0114313     30041800000000035003410000017N030418104700000000000103004180000000000000000000000000000000000000000100033413525700ALBERICE SILVA OLIVEIRA                 RUA DIAS DA CRUZ 170 APT 201            MEIER       20720012RIO DE JANEIRO RJUNIAO UMB DOS CULTOS AFRO BRAS    30041810 000006
10231987175000168817800093673    000014312                    000143120000000000000109                     I0114312     04041800000000035003410000017N030418104700000000000100404180000000000000000000000000000000000000000100000475441710KASSIA DAMAZIO SOBRINHO                 RUA OPNIAO LIBERA, 27                   JACAREPAGUA 22715130RIO DE JANEIRO RJUNIAO UMB DOS CULTOS AFRO BRAS    04041810 000007
10231987175000168817800093673    000014311                    000143110000000000000109                     I0114311     30041800000000140003410000017N030418104700000000000103004180000000000000000000000000000000000000000100003159130452VICENTE FELICIO DA SILVA                RUA LUIZA NEOFILA PIMENTA, 156          ALTO DA CAPE59680000CAMPO GRANDE   RNUNIAO UMB DOS CULTOS AFRO BRAS    30041810 000008
10231987175000168817800093673    000014310                    000143100000000000000109                     I0114310     06041800000000105003410000017N030418104700000000000100604180000000000000000000000000000000000000000100002638717703EDINO GOMES DE BARROS JUNIOR            RUA PARANA N 10                         MORRO DO ORI24400000SAO GONCALO    RJUNIAO UMB DOS CULTOS AFRO BRAS    06041810 000009
10231987175000168817800093673    00009573                     000095730000000000000109                     I029573      30031800000000035003410000017N200218104700000000000103003180000000000000000000000000000000000000000100001393165745MARCO AURELIO DE BARROS FARIAS          RUA AIROSA GALVAO, 44                   FONSECA - NI24120100NITEROI        RJUNIAO UMB DOS CULTOS AFRO BRAS    30031810 000010
10231987175000168817800093673    00006463                     000064630000000000000109                     I346463      28021800000000035003410000017N271217104700000000000102802180000000000000000000000000000000000000000100009507261761RODRIGO FELIX DA SILVA                  RUA GENERAL PINTO AMANDO, 231 APTO 302  HONORIO GURG21511330RIO DE JANEIRO RJUNIAO UMB DOS CULTOS AFRO BRAS    28021810 000011
10231987175000168817800093673    00006230                     000062300000000000000109                     I026230      28021800000000035003410000017N271217104700000000000102802180000000000000000000000000000000000000000100056864680797SONIA MARIA DA SILVA                    RUA A, 11 - LOTEAMENTO SANTA MARIA      CAMBOTA - VA27600000VALENCIA       RJUNIAO UMB DOS CULTOS AFRO BRAS    28021810 000012
10231987175000168817800093673    00005213                     000052130000000000000109                     I345213      31011800000000035003410000017N261217104700000000000103101180000000000000000000000000000000000000000100009507261761RODRIGO FELIX DA SILVA                  RUA GENERAL PINTO AMANDO, 231 APTO 302  HONORIO GURG21511330RIO DE JANEIRO RJUNIAO UMB DOS CULTOS AFRO BRAS    31011810 000013
10231987175000168817800093673    00004774                     000047740000000000000109                     I024774      20121700000000175003410000017N131217104700000000000102012170000000000000000000000000000000000000000100007832334770MARCELO COSTA DE OLIVEIRA               O MESMO                                 O MESMO     22750310RIO DE JANEIRO RJUNIAO UMB DOS CULTOS AFRO BRAS    20121710 000014
10231987175000168817800093673    00004644                     000046440000000000000109                     I024644      21121700000000340003410000017N211117104700000000000102112170000000000000000000000000000000000000000100001234567890LUCIANO SOARES DA SILVA                 O MESMO                                 O MESMO     27910000MACAE          RJUNIAO UMB DOS CULTOS AFRO BRAS    21121710 000015
10231987175000168817800093673    00001704                     000017040000000000000109                     I021704      20121700000000250003410000017N101117104700000000000102012170000000000000000000000000000000000000000100093971087787SUELY DE CASSIA NEVES DA SILVA          RUA ANTONIO JOAQUIM DA SILVA N 49       PARQUE BARRE25581140SAO JOAO DE MERRJUNIAO UMB DOS CULTOS AFRO BRAS    20121710 000016
10231987175000168817800093673    00001698                     000016980000000000000109                     I021698      05011800000000035003410000017N081117104700000000000100501180000000000000000000000000000000000000000100056864680797SONIA MARIA DA SILVA                    RUA A, 11 - LOTEAMENTO SANTA MARIA      CAMBOTA - VA27600000VALENCIA       RJUNIAO UMB DOS CULTOS AFRO BRAS    05011810 000017
10231987175000168817800093673    00001618                     000016180000000000000109                     I021618      10011800000000335003410000017N301017104700000000000101001180000000000000000000000000000000000000000100077819306734UENES DA SILVA DE OLIVEIRA              RUA GENERAL CARVALHO  Nº 1148          CORDOVIL    21250240RIO DE JANEIRO RJUNIAO UMB DOS CULTOS AFRO BRAS    10011810 000018
10231987175000168817800093673    00001535                     000015350000000000000109                     I021535      20121700000000360003410000017N251017104700000000000102012170000000000000000000000000000000000000000100005412696740MONICA MIRALHA MESSINA                  O MESMO                                 O MESMO     21370350RIO DE JANEIRO RJUNIAO UMB DOS CULTOS AFRO BRAS    20121710 000019
10231987175000168817800093673    00001521                     000015210000000000000109                     I021521      20121700000000120003410000017N251017104700000000000102012170000000000000000000000000000000000000000100098464159749MARCOS VINICIUS VASCONCELLOS D          RUA DOS CAJUEIROS  266    CASA C        GUARATIBA  R23030150RIO DE JANEIRO RJUNIAO UMB DOS CULTOS AFRO BRAS    20121710 000020
10231987175000168817800093673    00001519                     000015190000000000000109                     I021519      20121700000000150003410000017N251017104700000000000102012170000000000000000000000000000000000000000100045600697720CARMEM DE BARROS PIRES                  RUA CLAUDIA 74                          CANAA       26263060NOVA IGUACU    RJUNIAO UMB DOS CULTOS AFRO BRAS    20121710 000021
10231987175000168817800093673    00001518                     000015180000000000000109                     I021518      20121700000000150003410000017N251017104700000000000102012170000000000000000000000000000000000000000100074824996791ELIANE DA SILVA CAMACHO                 RUA MAJOR REGO 84                       OLARIA      21073440RIO DE JANEIRO RJUNIAO UMB DOS CULTOS AFRO BRAS    20121710 000022
10231987175000168817800093673    00001517                     000015170000000000000109                     I021517      20121700000000150003410000017N251017104700000000000102012170000000000000000000000000000000000000000100009713273605CAMILA EMANUELE DE ARAUJO CALD          RUA DAS PACAS 1004 LOTE M   QUADRA 69   TAMOIOS  CAB28927000DUQUE DE CAXIASRJUNIAO UMB DOS CULTOS AFRO BRAS    20121710 000023
10231987175000168817800093673    00001514                     000015140000000000000109                     I021514      20121700000000180003410000017N251017104700000000000102012170000000000000000000000000000000000000000100063692546734CARLOS LUIZ DA SILVA                    ESTRADA DE SEPETIBA 5116 RUA C LOTE 5 QUSEPETIBA    23545003RIO DE JANEIRO RJUNIAO UMB DOS CULTOS AFRO BRAS    20121710 000024
10231987175000168817800093673    00001512                     000015120000000000000109                     I021512      20121700000000210003410000017N251017104700000000000102012170000000000000000000000000000000000000000100002596126770ANA CRISTINA DA CRUZ                    RUA BURITIZAL SN QUADRA 42 LOTE 1       SEPETIBA    23545100RIO DE JANEIRO RJUNIAO UMB DOS CULTOS AFRO BRAS    20121710 000025
10231987175000168817800093673    00001509                     000015090000000000000109                     I021509      20121700000000270003410000017N251017104700000000000102012170000000000000000000000000000000000000000100007442503748SANDRO RICARDO DE OLIVEIRA              ESTRADA DO GUANDU,  2 CASA A            SANTA CRUZ -23560150RIO DE JANEIRO RJUNIAO UMB DOS CULTOS AFRO BRAS    20121710 000026
10231987175000168817800093673    00001508                     000015080000000000000109                     I021508      20121700000000270003410000017N251017104700000000000102012170000000000000000000000000000000000000000100012781404764RICARDO RIBEIRO DOS SANTOS              RUA MARIA FRANCISCA,16 B                CENTRO - CAM23050030RIO DE JANEIRO RJUNIAO UMB DOS CULTOS AFRO BRAS    20121710 000027
10231987175000168817800093673    00001507                     000015070000000000000109                     I021507      20121700000000270003410000017N251017104700000000000102012170000000000000000000000000000000000000000100000085273967JUSSARA BALBINO GENUARIO                RUA DAS MARGARIDAS, 16                  CHAPERO - IT23830240ITAGUAI        RJUNIAO UMB DOS CULTOS AFRO BRAS    20121710 000028
10231987175000168817800093673    00001504                     000015040000000000000109                     I021504      20121700000000090003410000017N251017104700000000000102012170000000000000000000000000000000000000000200000000012571PAULO ANTONIO COELHO DA SILVA           RUA DOS FUNDOS  N 301                   VIZELA - PT 04815093VIZELA         PTUNIAO UMB DOS CULTOS AFRO BRAS    20121710 000029
10231987175000168817800093673    00001503                     000015030000000000000109                     I021503      20121700000000120003410000017N251017104700000000000102012170000000000000000000000000000000000000000201763784000172ANA ISABEL GARCIA RIBEIRO MART          RUA DACOUTADA LOTE 10                   BRAGA - LOMA04710243LOMAR          PTUNIAO UMB DOS CULTOS AFRO BRAS    20121710 000030
10231987175000168817800093673    00001502                     000015020000000000000109                     I021502      20121700000000120003410000017N251017104700000000000102012170000000000000000000000000000000000000000100009074890792ADRIANA CONCEICAO GRIGOLETO             RUA CAROLINA AMADO N 115                IRAJA - RIO 21361320RIO DE JANEIRO RJUNIAO UMB DOS CULTOS AFRO BRAS    20121710 000031
10231987175000168817800093673    00001500                     000015000000000000000109                     I021500      20121700000000210003410000017N251017104700000000000102012170000000000000000000000000000000000000000100059588797791VERONICA FARIAS DA ROCHA                RUA DOMINGOS DE MAGALHAES N 235         MARIA DA GRA20785353RIO DE JANEIRO RJUNIAO UMB DOS CULTOS AFRO BRAS    20121710 000032
10231987175000168817800093673    00001499                     000014990000000000000109                     I021499      20121700000000120003410000017N251017104700000000000102012170000000000000000000000000000000000000000100068120141768SAMI JORGE DE JESUS                     AVENIDA SEIS QUADRA 26 CASA 929         TIJOLINHO - 23545003NOVA SEPETIBA  RJUNIAO UMB DOS CULTOS AFRO BRAS    20121710 000033
10231987175000168817800093673    00001498                     000014980000000000000109                     I021498      20121700000000150003410000017N251017104700000000000102012170000000000000000000000000000000000000000100064576469720ANA LUCIA VENANCIO                      RUA FLORANEA N 159                      IPIRANGA - N26293426NOVA IGUACU    RJUNIAO UMB DOS CULTOS AFRO BRAS    20121710 000034
10231987175000168817800093673    00001492                     000014920000000000000109                     I021492      20121700000000120003410000017N251017104700000000000102012170000000000000000000000000000000000000000100090158601734ANDRILEA PEREIRA BAPTISTA               RUA TELEFONICA, LOTE 27 QUADRA 2        JARDIM METRO25575080SAO JOAO DE MERRJUNIAO UMB DOS CULTOS AFRO BRAS    20121710 000035
10231987175000168817800093673    00001491                     000014910000000000000109                     I021491      20121700000000090003410000017N251017104700000000000102012170000000000000000000000000000000000000000100044833520753JOSE ROBERTO OLIVEIRA DA SILVA          TRAVESSA DONA MARIA, 4                  ANDRADE ARAU26130693BELFORD ROXO   RJUNIAO UMB DOS CULTOS AFRO BRAS    20121710 000036
10231987175000168817800093673    00001490                     000014900000000000000109                     I021490      20121700000000210003410000017N251017104700000000000102012170000000000000000000000000000000000000000100075871505791CARLOS MAGNO DOS SANTOS COUTO           AVENIDA DOM HELDER CAMARA, 2586 FUNDOS  MARIA DA GRA21050452RIO DE JANEIRO RJUNIAO UMB DOS CULTOS AFRO BRAS    20121710 000037
10231987175000168817800093673    00001489                     000014890000000000000109                     I021489      20121700000000150003410000017N251017104700000000000102012170000000000000000000000000000000000000000100007702148780MARCO AURELIO DO NASCIMENTO AL          RUA RIO NEGRO, 160                      REALENGO - R21760280RIO DE JANEIRO RJUNIAO UMB DOS CULTOS AFRO BRAS    20121710 000038
10231987175000168817800093673    00001488                     000014880000000000000109                     I021488      20121700000000210003410000017N251017104700000000000102012170000000000000000000000000000000000000000100085184543791CARLOS ALBERTO TEIXEIRA PEREIR          RUA CARANGOLA, 183 FUNDOS               TRINDADE - S24457090SAO GONCALO    RJUNIAO UMB DOS CULTOS AFRO BRAS    20121710 000039
10231987175000168817800093673    00001487                     000014870000000000000109                     I021487      20121700000000210003410000017N251017104700000000000102012170000000000000000000000000000000000000000100069485135734ROBERTO GONCALVES DO NASCIMENT          RUA JULIANA, 578                        MESQUITA - N26562120NOVA IGUACU    RJUNIAO UMB DOS CULTOS AFRO BRAS    20121710 000040
10231987175000168817800093673    00001486                     000014860000000000000109                     I021486      20121700000000300003410000017N251017104700000000000102012170000000000000000000000000000000000000000100010520857763MARCELO ANTONIO PIMENTA                 RUA ITUMIRIM, 25                        GUARATIBA - 23033270RIO DE JANEIRO RJUNIAO UMB DOS CULTOS AFRO BRAS    20121710 000041
10231987175000168817800093673    00001483                     000014830000000000000109                     I021483      20121700000000090003410000017N251017104700000000000102012170000000000000000000000000000000000000000100008762385763JANAINA CORREIA DA ROCHA                RUA VISCONDE DE MAGE, LOTE 4 QUADRA 22  TAQUARA - DU25275050DUQUE DE CAXIASRJUNIAO UMB DOS CULTOS AFRO BRAS    20121710 000042
10231987175000168817800093673    00001482                     000014820000000000000109                     I021482      20121700000000150003410000017N251017104700000000000102012170000000000000000000000000000000000000000100073243728720MARCOS AURELIO REIS DE CASTRO           RUA DAS ROSAS                           VILA VALQUEI21321382RIO DE JANEIRO RJUNIAO UMB DOS CULTOS AFRO BRAS    20121710 000043
10231987175000168817800093673    00001481                     000014810000000000000109                     I021481      20121700000000150003410000017N251017104700000000000102012170000000000000000000000000000000000000000100086094750772IARA MUNIZ DA SILVA BORGES              RUA FLAMBOYANT, 3                       VARGEM PEQUE22783117RIO DE JANEIRO RJUNIAO UMB DOS CULTOS AFRO BRAS    20121710 000044
10231987175000168817800093673    00001480                     000014800000000000000109                     I021480      20121700000000240003410000017N251017104700000000000102012170000000000000000000000000000000000000000100055041388768GERALDO JOSE DE OLIVEIRA                RUA CARDEAL DOM SEBASTIAO LEME, 115 APTOSANTA TEREZA22040010RIO DE JANEIRO RJUNIAO UMB DOS CULTOS AFRO BRAS    20121710 000045
10231987175000168817800093673    00001479                     000014790000000000000109                     I021479      20121700000000270003410000017N251017104700000000000102012170000000000000000000000000000000000000000100009834155794NELY MARIA RODRIGUES DANTAS             RUA DA CONCEICAO, 70                    VARGEM ALEGR27155000BARRA DO PIRAI RJUNIAO UMB DOS CULTOS AFRO BRAS    20121710 000046
10231987175000168817800093673    00001475                     000014750000000000000109                     I021475      20121700000000270003410000017N251017104700000000000102012170000000000000000000000000000000000000000100073608351787ANTONIO CARLOS MARTINS DA SILV          RUA AREAL,165                           SEPETIBA - R23535730RIO DE JANEIRO RJUNIAO UMB DOS CULTOS AFRO BRAS    20121710 000047
10231987175000168817800093673    00001474                     000014740000000000000109                     I021474      20121700000000270003410000017N251017104700000000000102012170000000000000000000000000000000000000000100074190741787JOSE ITAGIBA RODRIGUES                  TRAVESSA SANTA ROSA, LOTE 35            CAPELA - MAG25916060MAGE           RJUNIAO UMB DOS CULTOS AFRO BRAS    20121710 000048
10231987175000168817800093673    00001473                     000014730000000000000109                     I021473      20121700000000240003410000017N251017104700000000000102012170000000000000000000000000000000000000000100030779723791JAMILTON BISPO DOS SANTOS               ESTRADA DOS PALMARES, 2015 PROJETADA C LMORADA VERDE23575270RIO DE JANEIRO RJUNIAO UMB DOS CULTOS AFRO BRAS    20121710 000049
10231987175000168817800093673    00001470                     000014700000000000000109                     I021470      20121700000000300003410000017N251017104700000000000102012170000000000000000000000000000000000000000100063705630725JOSE ANTONIO SOARES PENEDO              RUA SAMIM, 892                          IRAJA - RJ  21235210RIO DE JANEIRO RJUNIAO UMB DOS CULTOS AFRO BRAS    20121710 000050
10231987175000168817800093673    00001469                     000014690000000000000109                     I021469      20121700000000210003410000017N251017104700000000000102012170000000000000000000000000000000000000000100006225968881SIDNEI LUIZ PARREIRA                    RUA NINA RIBEIRO, 560                   PAVUNA - RJ 21520290RIO DE JANEIRO RJUNIAO UMB DOS CULTOS AFRO BRAS    20121710 000051
10231987175000168817800093673    00001468                     000014680000000000000109                     I021468      20121700000000150003410000017N251017104700000000000102012170000000000000000000000000000000000000000100069725209753YRACE MOEMA GRAULT SCHNOOR              RUA ATILIO PIFIER                       SEPETIBA - R23535010RIO DE JANEIRO RJUNIAO UMB DOS CULTOS AFRO BRAS    20121710 000052
10231987175000168817800093673    00001467                     000014670000000000000109                     I021467      20121700000000240003410000017N251017104700000000000102012170000000000000000000000000000000000000000100088271544772ELIZABETE GERN                          RUA TREZE LOTE 36 QUADRA 8              IPIRANGA - N26293489NOVA IGUACU    RJUNIAO UMB DOS CULTOS AFRO BRAS    20121710 000053
10231987175000168817800093673    00001465                     000014650000000000000109                     I021465      20121700000000270003410000017N251017104700000000000102012170000000000000000000000000000000000000000100084908157715RAQUEL TAVARES FERREIRA DA SIL          RUA CATULO CEARENSE, 204                VILA GENI - 23825290RIO DE JANEIRO RJUNIAO UMB DOS CULTOS AFRO BRAS    20121710 000054
10231987175000168817800093673    00001452                     000014520000000000000109                     I021452      20121700000000180003410000017N251017104700000000000102012170000000000000000000000000000000000000000100072520388749REINALDO SILVA DOS SANTOS               RUA: FRANCISCA DE OLIVEIRA Nº 658      ENGENHEIRO B25520170SAO JOAO DE MERRJUNIAO UMB DOS CULTOS AFRO BRAS    20121710 000055
10231987175000168817800093673    00001304                     000013040000000000000109                     I021304      09021800000000420003410000017N241017104700000000000100902180000000000000000000000000000000000000000100004751333747CARLOS EDUARDO DE SOUZA ALVES           RUA: URANOS Nº 563                     BONSUCESSO -21060070RIO DE JANEIRO RJUNIAO UMB DOS CULTOS AFRO BRAS    09021810 000056
10231987175000168817800093673    00001272                     000012720000000000000109                     I021272      20121700000000340003410000017N241017104700000000000102012170000000000000000000000000000000000000000100000615134742CONCEICAO DE SOUZA CAPITANO             RUA MECA N 103 - SAO BENEDITO           SAO BENEDITO26022540NOVA IGUACU    RJUNIAO UMB DOS CULTOS AFRO BRAS    20121710 000057
10231987175000168817800093673    00001194                     000011940000000000000109                     I021194      02021800000000340003410000017N241017104700000000000100202180000000000000000000000000000000000000000100067165664734JAIRINO DOS SANTOS E JUREMA J.          TRAVESSA ALVARENGA N 80                 EDSON PASSOS26246150MESQUITA       RJUNIAO UMB DOS CULTOS AFRO BRAS    02021810 000058
10231987175000168817800093673    00001116                     000011160000000000000109                     I021116      25011800000000340003410000017N241017104700000000000102501180000000000000000000000000000000000000000100000475441710KASSIA DAMAZIO SOBRINHO                 RUA OPNIAO LIBERA, 27                   JACAREPAGUA 22715130RIO DE JANEIRO RJUNIAO UMB DOS CULTOS AFRO BRAS    25011810 000059
9                                                                                                                                                                                                                                                                                                                                                                                                         000060
