01REMESSA01COBRANCA       916200163100        União Umb dos Cultos Afro Bra341BANCO ITAU SA  260719                                                                                                                                                                                                                                                                                                      000001
10231987175000168916200163100    000049978                    000499780000000000000109                     I0149978     10081900000000280003410000017N260719105700000000000921008190000000000000000000000000000000000000000100009959898776ANGELICA MONTEIRO DE OLIVEIRA           RUA CINCON 313, GLEBA A                 CHAPERO     23831190ITAGUAI        RJUNIAO UMB DOS CULTOS AFRO BRAS    10081915 000002
21100820190000000000560                                                                                                                                                                                                                                                                                                                                                                                   000003
10231987175000168916200163100    000049977                    000499770000000000000109                     I0149977     30091900000000040003410000017N260719105700000000000133009190000000000000000000000000000000000000000100059322756772IVAN MARTINS TAVARES                    RUA SAIDAN 100, APTº 307               SENADOR CAMA21833180RIO DE JANEIRO RJUNIAO UMB DOS CULTOS AFRO BRAS    30091915 000004
21300920190000000000080                                                                                                                                                                                                                                                                                                                                                                                   000005
10231987175000168916200163100    000049976                    000499760000000000000109                     I0149976     30081900000000040003410000017N260719105700000000000133008190000000000000000000000000000000000000000100059322756772IVAN MARTINS TAVARES                    RUA SAIDAN 100, APTº 307               SENADOR CAMA21833180RIO DE JANEIRO RJUNIAO UMB DOS CULTOS AFRO BRAS    30081915 000006
21300820190000000000080                                                                                                                                                                                                                                                                                                                                                                                   000007
10231987175000168916200163100    000049974                    000499740000000000000109                     I0149974     15081900000000120003410000017N260719105700000000000401508190000000000000000000000000000000000000000100001866064789ALEXANDRE MENDONCA                      RUA ARISTOTELINA SILVA LINO ( GLEBA B)N CHAPERO     23831330ITAGUAI        RJUNIAO UMB DOS CULTOS AFRO BRAS    15081915 000008
21150820190000000000240                                                                                                                                                                                                                                                                                                                                                                                   000009
10231987175000168916200163100    000049840                    000498400000000000000109                     I3449840     12071900000000120003410000017N280619105700000000000401207190000000000000000000000000000000000000000100059680903753TANIA REGINA DOS SANTOS MARQUE          RUA VISCONDE DE MACEION 50, FRENTE      IRAJA       21235100RIO DE JANEIRO RJUNIAO UMB DOS CULTOS AFRO BRAS    12071915 000010
21120720190000000000240                                                                                                                                                                                                                                                                                                                                                                                   000011
10231987175000168916200163100    000044442                    000444420000000000000109                     I0244442     30061900000000040003410000017N130319105700000000000133006190000000000000000000000000000000000000000100089497899734UGO SILVA FILHO                         RUA ITABAIANAN 49, APT 502              GRAJAU      20561050RIO DE JANEIRO RJUNIAO UMB DOS CULTOS AFRO BRAS    30061915 000012
21300620190000000000080                                                                                                                                                                                                                                                                                                                                                                                   000013
9                                                                                                                                                                                                                                                                                                                                                                                                         000014
