01REMESSA01COBRANCA       916200163100        União Umb dos Cultos Afro Bra341BANCO ITAU SA  260219                                                                                                                                                                                                                                                                                                      000001
10231987175000168916200163100    000039848                    000398480000000000000109                     I0139848     30031900000000280003410000017N260219104700000000000103003190000000000000000000000000000000000000000100013647266701WALLACE BRUNO COUTINHO PEREIRA          RUA RAFAEL WALLACE COUTINHO PEREIRA N 71SANTANA     23811437ITAGUAI        RJUNIAO UMB DOS CULTOS AFRO BRAS    30031910 000002
10231987175000168916200163100    000039847                    000398470000000000000109                     I0139847     30031900000000040003410000017N260219104700000000000103003190000000000000000000000000000000000000000100013647266701WALLACE BRUNO COUTINHO PEREIRA          RUA RAFAEL WALLACE COUTINHO PEREIRA N 71SANTANA     23811437ITAGUAI        RJUNIAO UMB DOS CULTOS AFRO BRAS    30031910 000003
10231987175000168916200163100    000039846                    000398460000000000000109                     I0139846     30031900000000280003410000017N260219104700000000000103003190000000000000000000000000000000000000000100001662021771ROBERTO DOS SANTOS QUEIROGA             RUA EDGAR BARBOSA N 120,                ANCHIETA    21645190RIO DE JANEIRO RJUNIAO UMB DOS CULTOS AFRO BRAS    30031910 000004
10231987175000168916200163100    000039845                    000398450000000000000109                     I0139845     30031900000000040003410000017N260219104700000000000103003190000000000000000000000000000000000000000100001662021771ROBERTO DOS SANTOS QUEIROGA             RUA EDGAR BARBOSA N 120,                ANCHIETA    21645190RIO DE JANEIRO RJUNIAO UMB DOS CULTOS AFRO BRAS    30031910 000005
10231987175000168916200163100    000039844                    000398440000000000000109                     I0139844     10031900000000150003410000017N260219104700000000000101003190000000000000000000000000000000000000000100078754143772CARMEN NAJARA BAUCE DA SILVA            RUA HEITOR DE MOURA ESTEVAO N 102, APTºVARZEA      25953090TERESOPOLIS    RJUNIAO UMB DOS CULTOS AFRO BRAS    10031910 000006
10231987175000168916200163100    000039836                    000398360000000000000109                     I0239836     30031900000000040003410000017N220219104700000000000103003190000000000000000000000000000000000000000100010992504716RENATA BARRETO DA SILVA DUARTE          RUA DA PENHAN 44,                       VILA TIRADEN25520721SAO JOAO DE MERRJUNIAO UMB DOS CULTOS AFRO BRAS    30031910 000007
10231987175000168916200163100    000039803                    000398030000000000000109                     I0239803     28021900000000500003410000017N180219104700000000000102802190000000000000000000000000000000000000000100069893810787MARIA ALICE VENTURA                     AVENIDA DOS EX-COMBATENTESN 0, BLOCO 380SANTA CRUZ  27288110VOLTA REDONDA  RJUNIAO UMB DOS CULTOS AFRO BRAS    28021910 000008
9                                                                                                                                                                                                                                                                                                                                                                                                         000009
