01REMESSA01COBRANCA       916200163100        União Umb dos Cultos Afro Bra341BANCO ITAU SA  110618                                                                                                                                                                                                                                                                                                      000001
10231987175000168916200163100    000021072                    000210720000000000000109                     I0221072     30051800000000035003410000017N250518104700000000000103005180000000000000000000000000000000000000000100009483806755MARCO ANTONIO ATAIDE DE MELO            TRAVESSA MARAPE N 3 FUNDOS              COSTA BARROS21515240RIO DE JANEIRO RJUNIAO UMB DOS CULTOS AFRO BRAS    30051810 000002
10231987175000168916200163100    000020946                    000209460000000000000109                     I0220946     30081800000000035003410000017N100518104700000000000103008180000000000000000000000000000000000000000100075871505791CARLOS MAGNO DOS SANTOS COUTO           AVENIDA DOM HELDER CAMARA, 2586 FUNDOS  MARIA DA GRA21050452RIO DE JANEIRO RJUNIAO UMB DOS CULTOS AFRO BRAS    30081810 000003
10231987175000168916200163100    000020945                    000209450000000000000109                     I0220945     30071800000000035003410000017N100518104700000000000103007180000000000000000000000000000000000000000100075871505791CARLOS MAGNO DOS SANTOS COUTO           AVENIDA DOM HELDER CAMARA, 2586 FUNDOS  MARIA DA GRA21050452RIO DE JANEIRO RJUNIAO UMB DOS CULTOS AFRO BRAS    30071810 000004
10231987175000168916200163100    000020944                    000209440000000000000109                     I0220944     30061800000000035003410000017N100518104700000000000103006180000000000000000000000000000000000000000100075871505791CARLOS MAGNO DOS SANTOS COUTO           AVENIDA DOM HELDER CAMARA, 2586 FUNDOS  MARIA DA GRA21050452RIO DE JANEIRO RJUNIAO UMB DOS CULTOS AFRO BRAS    30061810 000005
10231987175000168916200163100    000020789                    000207890000000000000109                     I3420789     30081800000000035003410000017N070518104700000000000103008180000000000000000000000000000000000000000100063662329700MARCO LUIS FREITAS DE AMORIM            RUA DAS DALIAS                          VILA VALQUEI21330740RIO DE JANEIRO RJUNIAO UMB DOS CULTOS AFRO BRAS    30081810 000006
10231987175000168916200163100    000020708                    000207080000000000000109                     I0220708     30081800000000035003410000017N070518104700000000000103008180000000000000000000000000000000000000000100007299785757EDSON NUNES DE SOUZA FILHO              O MESMO                                 O MESMO     24415050SAO GONCALO    RJUNIAO UMB DOS CULTOS AFRO BRAS    30081810 000007
10231987175000168916200163100    000020259                    000202590000000000000109                     I0220259     30081800000000035003410000017N070518104700000000000103008180000000000000000000000000000000000000000100069485135734ROBERTO GONCALVES DO NASCIMENT          RUA JULIANA, 578                        MESQUITA - N26562120NOVA IGUACU    RJUNIAO UMB DOS CULTOS AFRO BRAS    30081810 000008
10231987175000168916200163100    000020154                    000201540000000000000109                     I3420154     30081800000000035003410000017N070518104700000000000103008180000000000000000000000000000000000000000100076862062700MARIO LUIS DE SOUZA                     RUA FERREIRA CHAVES N° 139 CASA 2      VL DA PENHA 21221090RIO DE JANEIRO RJUNIAO UMB DOS CULTOS AFRO BRAS    30081810 000009
10231987175000168916200163100    000020085                    000200850000000000000109                     I3420085     30081800000000035003410000017N070518104700000000000103008180000000000000000000000000000000000000000100082993610791JOSE CARLOS ROSA DA CONCEICAO           AVENIDA CANAL DA FIGUEIRA, QUADRA A LOTEJD ANHANGA -25264160DUQUE DE CAXIASRJUNIAO UMB DOS CULTOS AFRO BRAS    30081810 000010
10231987175000168916200163100    000019964                    000199640000000000000109                     I0219964     30081800000000035003410000017N070518104700000000000103008180000000000000000000000000000000000000000100002316322743REGIANE DE LIMA SANTANA SOBRAL          RUA SARGENTO ANTONIO ERNESTO 682 CASA 14GRANDE RIO -25540040SAO JOAO DE MERRJUNIAO UMB DOS CULTOS AFRO BRAS    30081810 000011
10231987175000168916200163100    000019957                    000199570000000000000109                     I3419957     30081800000000035003410000017N070518104700000000000103008180000000000000000000000000000000000000000100001961346761MARLENE DE OLIVEIRA MARCOLINO           RUA DOM JOAO BRAGA                      PETROPOLIS  25623519PETROPOLIS     RJUNIAO UMB DOS CULTOS AFRO BRAS    30081810 000012
10231987175000168916200163100    000019956                    000199560000000000000109                     I0219956     30081800000000035003410000017N070518104700000000000103008180000000000000000000000000000000000000000100009545367709VERONICA BRAZ DA SILVA                  RUA SANTA RITA LOTE 17 E 18 QDA 39      PQ. SAO FRAN26355000NOVA IGUACU    RJUNIAO UMB DOS CULTOS AFRO BRAS    30081810 000013
10231987175000168916200163100    000019775                    000197750000000000000109                     I0219775     30081800000000035003410000017N070518104700000000000103008180000000000000000000000000000000000000000100059395656700NADIA MARIZA CORREA TRINDADE            RUA JORGE SILVA, 25                     PARQUE SAO J23890000RIO DE JANEIRO RJUNIAO UMB DOS CULTOS AFRO BRAS    30081810 000014
10231987175000168916200163100    000019219                    000192190000000000000109                     I3419219     30071800000000035003410000017N070518104700000000000103007180000000000000000000000000000000000000000100063662329700MARCO LUIS FREITAS DE AMORIM            RUA DAS DALIAS                          VILA VALQUEI21330740RIO DE JANEIRO RJUNIAO UMB DOS CULTOS AFRO BRAS    30071810 000015
10231987175000168916200163100    000019138                    000191380000000000000109                     I0219138     30071800000000035003410000017N070518104700000000000103007180000000000000000000000000000000000000000100007299785757EDSON NUNES DE SOUZA FILHO              O MESMO                                 O MESMO     24415050SAO GONCALO    RJUNIAO UMB DOS CULTOS AFRO BRAS    30071810 000016
10231987175000168916200163100    000018786                    000187860000000000000109                     I3418786     30071800000000035003410000017N070518104700000000000103007180000000000000000000000000000000000000000100047657383704JAIR LOURENCO DE LIMA                   RUA CONDE DEU N 199                     CASTELANEA -25640340PETROPOLIS     RJUNIAO UMB DOS CULTOS AFRO BRAS    30071810 000017
10231987175000168916200163100    000018689                    000186890000000000000109                     I0218689     30071800000000035003410000017N070518104700000000000103007180000000000000000000000000000000000000000100069485135734ROBERTO GONCALVES DO NASCIMENT          RUA JULIANA, 578                        MESQUITA - N26562120NOVA IGUACU    RJUNIAO UMB DOS CULTOS AFRO BRAS    30071810 000018
10231987175000168916200163100    000018584                    000185840000000000000109                     I3418584     30071800000000035003410000017N070518104700000000000103007180000000000000000000000000000000000000000100076862062700MARIO LUIS DE SOUZA                     RUA FERREIRA CHAVES N° 139 CASA 2      VL DA PENHA 21221090RIO DE JANEIRO RJUNIAO UMB DOS CULTOS AFRO BRAS    30071810 000019
10231987175000168916200163100    000018515                    000185150000000000000109                     I3418515     30071800000000035003410000017N070518104700000000000103007180000000000000000000000000000000000000000100082993610791JOSE CARLOS ROSA DA CONCEICAO           AVENIDA CANAL DA FIGUEIRA, QUADRA A LOTEJD ANHANGA -25264160DUQUE DE CAXIASRJUNIAO UMB DOS CULTOS AFRO BRAS    30071810 000020
10231987175000168916200163100    000018394                    000183940000000000000109                     I0218394     30071800000000035003410000017N070518104700000000000103007180000000000000000000000000000000000000000100002316322743REGIANE DE LIMA SANTANA SOBRAL          RUA SARGENTO ANTONIO ERNESTO 682 CASA 14GRANDE RIO -25540040SAO JOAO DE MERRJUNIAO UMB DOS CULTOS AFRO BRAS    30071810 000021
10231987175000168916200163100    000018387                    000183870000000000000109                     I3418387     30071800000000035003410000017N070518104700000000000103007180000000000000000000000000000000000000000100001961346761MARLENE DE OLIVEIRA MARCOLINO           RUA DOM JOAO BRAGA                      PETROPOLIS  25623519PETROPOLIS     RJUNIAO UMB DOS CULTOS AFRO BRAS    30071810 000022
10231987175000168916200163100    000018386                    000183860000000000000109                     I0218386     30071800000000035003410000017N070518104700000000000103007180000000000000000000000000000000000000000100009545367709VERONICA BRAZ DA SILVA                  RUA SANTA RITA LOTE 17 E 18 QDA 39      PQ. SAO FRAN26355000NOVA IGUACU    RJUNIAO UMB DOS CULTOS AFRO BRAS    30071810 000023
10231987175000168916200163100    000018205                    000182050000000000000109                     I0218205     30071800000000035003410000017N070518104700000000000103007180000000000000000000000000000000000000000100059395656700NADIA MARIZA CORREA TRINDADE            RUA JORGE SILVA, 25                     PARQUE SAO J23890000RIO DE JANEIRO RJUNIAO UMB DOS CULTOS AFRO BRAS    30071810 000024
10231987175000168916200163100    000016029                    000160290000000000000109                     I3416029     30061800000000035003410000017N070518104700000000000103006180000000000000000000000000000000000000000100063662329700MARCO LUIS FREITAS DE AMORIM            RUA DAS DALIAS                          VILA VALQUEI21330740RIO DE JANEIRO RJUNIAO UMB DOS CULTOS AFRO BRAS    30061810 000025
10231987175000168916200163100    000015948                    000159480000000000000109                     I0215948     30061800000000035003410000017N070518104700000000000103006180000000000000000000000000000000000000000100007299785757EDSON NUNES DE SOUZA FILHO              O MESMO                                 O MESMO     24415050SAO GONCALO    RJUNIAO UMB DOS CULTOS AFRO BRAS    30061810 000026
10231987175000168916200163100    000015768                    000157680000000000000109                     I3415768     30061800000000035003410000017N070518104700000000000103006180000000000000000000000000000000000000000100088640809704JULIO CESAR SARAIVA PIRES               ESTRADA SANTA MAURA N 103               CURICICA - J22780170RIO DE JANEIRO RJUNIAO UMB DOS CULTOS AFRO BRAS    30061810 000027
10231987175000168916200163100    000015605                    000156050000000000000109                     I3415605     30061800000000035003410000017N070518104700000000000103006180000000000000000000000000000000000000000100087394464768LEILA MARIA ROSA MARTINS                RUA EDNA MEDEIROS, 155                  CORUMBA - NO26042430NOVA IGUACU    RJUNIAO UMB DOS CULTOS AFRO BRAS    30061810 000028
10231987175000168916200163100    000015596                    000155960000000000000109                     I3415596     30061800000000035003410000017N070518104700000000000103006180000000000000000000000000000000000000000100047657383704JAIR LOURENCO DE LIMA                   RUA CONDE DEU N 199                     CASTELANEA -25640340PETROPOLIS     RJUNIAO UMB DOS CULTOS AFRO BRAS    30061810 000029
10231987175000168916200163100    000015499                    000154990000000000000109                     I0215499     30061800000000035003410000017N070518104700000000000103006180000000000000000000000000000000000000000100069485135734ROBERTO GONCALVES DO NASCIMENT          RUA JULIANA, 578                        MESQUITA - N26562120NOVA IGUACU    RJUNIAO UMB DOS CULTOS AFRO BRAS    30061810 000030
10231987175000168916200163100    000015493                    000154930000000000000109                     I3415493     30061800000000035003410000017N070518104700000000000103006180000000000000000000000000000000000000000100003319281755GENILSON CAETANO DA SILVA               RUA JACO MELOTI, 46                     CORUMBA - NO26041790NOVA IGUACU    RJUNIAO UMB DOS CULTOS AFRO BRAS    30061810 000031
10231987175000168916200163100    000015394                    000153940000000000000109                     I3415394     30061800000000035003410000017N070518104700000000000103006180000000000000000000000000000000000000000100076862062700MARIO LUIS DE SOUZA                     RUA FERREIRA CHAVES N° 139 CASA 2      VL DA PENHA 21221090RIO DE JANEIRO RJUNIAO UMB DOS CULTOS AFRO BRAS    30061810 000032
10231987175000168916200163100    000015325                    000153250000000000000109                     I3415325     30061800000000035003410000017N070518104700000000000103006180000000000000000000000000000000000000000100082993610791JOSE CARLOS ROSA DA CONCEICAO           AVENIDA CANAL DA FIGUEIRA, QUADRA A LOTEJD ANHANGA -25264160DUQUE DE CAXIASRJUNIAO UMB DOS CULTOS AFRO BRAS    30061810 000033
10231987175000168916200163100    000015205                    000152050000000000000109                     I0215205     30061800000000035003410000017N070518104700000000000103006180000000000000000000000000000000000000000100002316322743REGIANE DE LIMA SANTANA SOBRAL          RUA SARGENTO ANTONIO ERNESTO 682 CASA 14GRANDE RIO -25540040SAO JOAO DE MERRJUNIAO UMB DOS CULTOS AFRO BRAS    30061810 000034
10231987175000168916200163100    000015198                    000151980000000000000109                     I3415198     30061800000000035003410000017N070518104700000000000103006180000000000000000000000000000000000000000100001961346761MARLENE DE OLIVEIRA MARCOLINO           RUA DOM JOAO BRAGA                      PETROPOLIS  25623519PETROPOLIS     RJUNIAO UMB DOS CULTOS AFRO BRAS    30061810 000035
10231987175000168916200163100    000015197                    000151970000000000000109                     I0215197     30061800000000035003410000017N070518104700000000000103006180000000000000000000000000000000000000000100009545367709VERONICA BRAZ DA SILVA                  RUA SANTA RITA LOTE 17 E 18 QDA 39      PQ. SAO FRAN26355000NOVA IGUACU    RJUNIAO UMB DOS CULTOS AFRO BRAS    30061810 000036
10231987175000168916200163100    000015016                    000150160000000000000109                     I0215016     30061800000000035003410000017N070518104700000000000103006180000000000000000000000000000000000000000100059395656700NADIA MARIZA CORREA TRINDADE            RUA JORGE SILVA, 25                     PARQUE SAO J23890000RIO DE JANEIRO RJUNIAO UMB DOS CULTOS AFRO BRAS    30061810 000037
10231987175000168916200163100    000014849                    000148490000000000000109                     I3414849     30061800000000035003410000017N070518104700000000000103006180000000000000000000000000000000000000000100059195711791ELOISA HELENA PEREIRA NUNES             RUA BOAIACA, 330                        BENTO RIBEIR21331600RIO DE JANEIRO RJUNIAO UMB DOS CULTOS AFRO BRAS    30061810 000038
10231987175000168916200163100    000014824                    000148240000000000000109                     I3414824     30061800000000035003410000017N070518104700000000000103006180000000000000000000000000000000000000000100002344767703ROSINETE FERREIRA CAMARGO               O MESMO                                 O MESMO     22733130RIO DE JANEIRO RJUNIAO UMB DOS CULTOS AFRO BRAS    30061810 000039
10231987175000168916200163100    000014801                    000148010000000000000109                     I3414801     30061800000000035003410000017N070518104700000000000103006180000000000000000000000000000000000000000100002541954743DENISE DIAS DE OLIVEIRA                 RUA: BERNARDINO DE CAMPOS               DUQUE DE CAX25035530DUQUE DE CAXIASRJUNIAO UMB DOS CULTOS AFRO BRAS    30061810 000040
10231987175000168916200163100    000014792                    000147920000000000000109                     I3414792     30061800000000035003410000017N070518104700000000000103006180000000000000000000000000000000000000000100008763637707JUSSARA SILVA DE ALBUQUERQUE            RUA: ARGOS Nº 281 FUNDOS - GUADALUPE   RIO DE JANEI21660050RIO DE JANEIRO RJUNIAO UMB DOS CULTOS AFRO BRAS    30061810 000041
10231987175000168916200163100    000014712                    000147120000000000000109                     I3414712     30061800000000035003410000017N070518104700000000000103006180000000000000000000000000000000000000000200000000001652MARIA APARECIDA DOS SANTOS CYP          ESTRADA DO SABONETE, LOTE 25 QUADRA D   ARSENAL - SA24745224SAO GONCALO    RJUNIAO UMB DOS CULTOS AFRO BRAS    30061810 000042
10231987175000168916200163100    000014279                    000142790000000000000109                     I3414279     30051800000000035003410000017N290318104700000000000103005180000000000000000000000000000000000000000100000000007532CARLOS MURILO CARDOSO DE CARVA          O MESMO                                 O MESMO     24730002SAO GONCALO    RJUNIAO UMB DOS CULTOS AFRO BRAS    30051810 000043
10231987175000168916200163100    000014113                    000141130000000000000109                     I0214113     10041800000000350003410000017N270218104700000000000101004180000000000000000000000000000000000000000100030779723791JAMILTON BISPO DOS SANTOS               ESTRADA DOS PALMARES, 2015 PROJETADA C LMORADA VERDE23575270RIO DE JANEIRO RJUNIAO UMB DOS CULTOS AFRO BRAS    10041810 000044
10231987175000168916200163100    000014099                    000140990000000000000109                     I0214099     10041800000000350003410000017N270218104700000000000101004180000000000000000000000000000000000000000100010520857763MARCELO ANTONIO PIMENTA                 RUA ITUMIRIM, 25                        GUARATIBA - 23033270RIO DE JANEIRO RJUNIAO UMB DOS CULTOS AFRO BRAS    10041810 000045
10231987175000168916200163100    000014094                    000140940000000000000109                     I0214094     10041800000000350003410000017N270218104700000000000101004180000000000000000000000000000000000000000100086990810734ROGY CARLOS OLIVEIRA MELLO              RUA: BORDA DO MATO Nº 433              GRAJAU - RIO20561200RIO DE JANEIRO RJUNIAO UMB DOS CULTOS AFRO BRAS    10041810 000046
10231987175000168916200163100    000014012                    000140120000000000000109                     I0214012     30041800000000035003410000017N230218104700000000000103004180000000000000000000000000000000000000000100010520857763MARCELO ANTONIO PIMENTA                 RUA ITUMIRIM, 25                        GUARATIBA - 23033270RIO DE JANEIRO RJUNIAO UMB DOS CULTOS AFRO BRAS    30041810 000047
10231987175000168916200163100    000014011                    000140110000000000000109                     I0214011     30031800000000035003410000017N230218104700000000000103003180000000000000000000000000000000000000000100010520857763MARCELO ANTONIO PIMENTA                 RUA ITUMIRIM, 25                        GUARATIBA - 23033270RIO DE JANEIRO RJUNIAO UMB DOS CULTOS AFRO BRAS    30031810 000048
10231987175000168916200163100    000014002                    000140020000000000000109                     I0214002     30051800000000035003410000017N230218104700000000000103005180000000000000000000000000000000000000000100030779723791JAMILTON BISPO DOS SANTOS               ESTRADA DOS PALMARES, 2015 PROJETADA C LMORADA VERDE23575270RIO DE JANEIRO RJUNIAO UMB DOS CULTOS AFRO BRAS    30051810 000049
10231987175000168916200163100    000014001                    000140010000000000000109                     I0214001     30041800000000035003410000017N230218104700000000000103004180000000000000000000000000000000000000000100030779723791JAMILTON BISPO DOS SANTOS               ESTRADA DOS PALMARES, 2015 PROJETADA C LMORADA VERDE23575270RIO DE JANEIRO RJUNIAO UMB DOS CULTOS AFRO BRAS    30041810 000050
10231987175000168916200163100    000013989                    000139890000000000000109                     I3413989     30031800000000035003410000017N220218104700000000000103003180000000000000000000000000000000000000000100003537257732MARIA APARECIDA RISTICH MACHAD          RUA DIAS DA CRUZ N 923                  MEIER - RIO 20720011RIO DE JANEIRO RJUNIAO UMB DOS CULTOS AFRO BRAS    30031810 000051
10231987175000168916200163100    00008774                     000087740000000000000109                     I348774      31011800000000035003410000017N020118104700000000000103101180000000000000000000000000000000000000000100082993610791JOSE CARLOS ROSA DA CONCEICAO           AVENIDA CANAL DA FIGUEIRA, QUADRA A LOTEJD ANHANGA -25264160DUQUE DE CAXIASRJUNIAO UMB DOS CULTOS AFRO BRAS    31011810 000052
10231987175000168916200163100    00008736                     000087360000000000000109                     I028736      31011800000000035003410000017N020118104700000000000103101180000000000000000000000000000000000000000100002316322743REGIANE DE LIMA SANTANA SOBRAL          RUA SARGENTO ANTONIO ERNESTO 682 CASA 14GRANDE RIO -25540040SAO JOAO DE MERRJUNIAO UMB DOS CULTOS AFRO BRAS    31011810 000053
10231987175000168916200163100    00008733                     000087330000000000000109                     I348733      31011800000000035003410000017N020118104700000000000103101180000000000000000000000000000000000000000100001961346761MARLENE DE OLIVEIRA MARCOLINO           RUA DOM JOAO BRAGA                      PETROPOLIS  25623519PETROPOLIS     RJUNIAO UMB DOS CULTOS AFRO BRAS    31011810 000054
10231987175000168916200163100    00008732                     000087320000000000000109                     I028732      31011800000000035003410000017N020118104700000000000103101180000000000000000000000000000000000000000100009545367709VERONICA BRAZ DA SILVA                  RUA SANTA RITA LOTE 17 E 18 QDA 39      PQ. SAO FRAN26355000NOVA IGUACU    RJUNIAO UMB DOS CULTOS AFRO BRAS    31011810 000055
10231987175000168916200163100    00008647                     000086470000000000000109                     I348647      31011800000000035003410000017N020118104700000000000103101180000000000000000000000000000000000000000100059395656700NADIA MARIZA CORREA TRINDADE            RUA JORGE SILVA, 25                     PARQUE SAO J23890000RIO DE JANEIRO RJUNIAO UMB DOS CULTOS AFRO BRAS    31011810 000056
10231987175000168916200163100    00008509                     000085090000000000000109                     I348509      31011800000000035003410000017N020118104700000000000103101180000000000000000000000000000000000000000200000000007946ORQUIDEA JOSE DOS SANTOS                RUA JESSIE VENTURA LOTE 6 QUADRA 7      SANTA CECILI25233130DUQUE DE CAXIASRJUNIAO UMB DOS CULTOS AFRO BRAS    31011810 000057
10231987175000168916200163100    00002736                     000027360000000000000109                     I342736      31121700000000035003410000017N131117104700000000000103112170000000000000000000000000000000000000000100085958549715TANIA REGINA LONTRA BITTENCOUR          RUA MARIO SANTANA, 1 BLOCO 17 APTO 103  WONA  - BELF26176285BELFORD ROXO   RJUNIAO UMB DOS CULTOS AFRO BRAS    31121710 000058
10231987175000168916200163100    00001962                     000019620000000000000109                     I341962      31121700000000035003410000017N131117104700000000000103112170000000000000000000000000000000000000000100005963954770SANDRA MARIA DA SILVA SANTOS            RUA JOAO RAIMUNDO N 171                 VILA SANTO A25041400DUQUE DE CAXIASRJUNIAO UMB DOS CULTOS AFRO BRAS    31121710 000059
10231987175000168916200163100    00001901                     000019010000000000000109                     I341901      31121700000000035003410000017N131117104700000000000103112170000000000000000000000000000000000000000100003537257732MARIA APARECIDA RISTICH MACHAD          RUA DIAS DA CRUZ N 923                  MEIER - RIO 20720011RIO DE JANEIRO RJUNIAO UMB DOS CULTOS AFRO BRAS    31121710 000060
10231987175000168916200163100    00001717                     000017170000000000000109                     I341717      31121700000000035003410000017N131117104700000000000103112170000000000000000000000000000000000000000200000000001308CACILDA AQUINO DOS SANTOS               RUA CATULO CEARENSE, 119                MEIER  - RJ 20730320RIO DE JANEIRO RJUNIAO UMB DOS CULTOS AFRO BRAS    31121710 000061
9                                                                                                                                                                                                                                                                                                                                                                                                         000062
