01REMESSA01COBRANCA       916200163100        Uni찾o Umb dos Cultos Afro Bra341BANCO ITAU SA  020119                                                                                                                                                                                                                                                                                                      000001
10231987175000168916200163100    000039449                    000394490000000000000109                     I0139449     04011900000000400003410000017N020119104700000000000100401190000000000000000000000000000000000000000100079758517791NEY PEREIRA LEITE                       RUA MARECHAL MARCIANO                   REALENGO    21735651RIO DE JANEIRO RJUNIAO UMB DOS CULTOS AFRO BRAS    04011910 000002
10231987175000168916200163100    000039448                    000394480000000000000109                     I0139448     30031900000000040003410000017N020119104700000000000103003190000000000000000000000000000000000000000100016424589880LUIZ CARLOS BRITO                       RUA DA LIBERDADE                        TINGUA      26063230NOVA IGUACU    RJUNIAO UMB DOS CULTOS AFRO BRAS    30031910 000003
10231987175000168916200163100    000039447                    000394470000000000000109                     I0139447     28021900000000040003410000017N020119104700000000000102802190000000000000000000000000000000000000000100016424589880LUIZ CARLOS BRITO                       RUA DA LIBERDADE                        TINGUA      26063230NOVA IGUACU    RJUNIAO UMB DOS CULTOS AFRO BRAS    28021910 000004
10231987175000168916200163100    000039446                    000394460000000000000109                     I0139446     31011900000000040003410000017N020119104700000000000103101190000000000000000000000000000000000000000100016424589880LUIZ CARLOS BRITO                       RUA DA LIBERDADE                        TINGUA      26063230NOVA IGUACU    RJUNIAO UMB DOS CULTOS AFRO BRAS    31011910 000005
10231987175000168916200163100    000039445                    000394450000000000000109                     I0139445     30031900000000040003410000017N020119104700000000000103003190000000000000000000000000000000000000000100068424647734MARCIA VALERIA VALIATI DOS SAN          RUA GOMES CARNEIRO                      VILA URUSSA20735090RIO DE JANEIRO RJUNIAO UMB DOS CULTOS AFRO BRAS    30031910 000006
10231987175000168916200163100    000039444                    000394440000000000000109                     I0139444     28021900000000040003410000017N020119104700000000000102802190000000000000000000000000000000000000000100068424647734MARCIA VALERIA VALIATI DOS SAN          RUA GOMES CARNEIRO                      VILA URUSSA20735090RIO DE JANEIRO RJUNIAO UMB DOS CULTOS AFRO BRAS    28021910 000007
10231987175000168916200163100    000039443                    000394430000000000000109                     I0139443     31011900000000040003410000017N020119104700000000000103101190000000000000000000000000000000000000000100068424647734MARCIA VALERIA VALIATI DOS SAN          RUA GOMES CARNEIRO                      VILA URUSSA20735090RIO DE JANEIRO RJUNIAO UMB DOS CULTOS AFRO BRAS    31011910 000008
10231987175000168916200163100    000039442                    000394420000000000000109                     I0139442     04011900000000040003410000017N020119104700000000000100401190000000000000000000000000000000000000000100052889378772ANGELA MARIA DA SILVA ANDRADE           RUA WILSON GIL DA MATTA                 CENTRO      25515101SAO JOAO DE MERRJUNIAO UMB DOS CULTOS AFRO BRAS    04011910 000009
10231987175000168916200163100    000039441                    000394410000000000000109                     I0139441     31011900000000350003410000017N020119104700000000000103101190000000000000000000000000000000000000000100095181890725ALEXANDRE DE SOUZA TAVARES SEN          RUA DOM MANOEL                          DOM RODRIGO 26260230NOVA IGUACU    RJUNIAO UMB DOS CULTOS AFRO BRAS    31011910 000010
10231987175000168916200163100    000039440                    000394400000000000000109                     I0239440     31011900000000350003410000017N020119104700000000000103101190000000000000000000000000000000000000000100095181890725ALEXANDRE DE SOUZA TAVARES SEN          RUA DOM MANOEL                          DOM RODRIGO 26260230NOVA IGUACU    RJUNIAO UMB DOS CULTOS AFRO BRAS    31011910 000011
10231987175000168916200163100    000039439                    000394390000000000000109                     I0139439     31011900000000700003410000017N020119104700000000000103101190000000000000000000000000000000000000000100012133262733THIAGO RODRIGUES FERREIRA               RUA LEDA BORBA                          RICARDO DE A21665064RIO DE JANEIRO RJUNIAO UMB DOS CULTOS AFRO BRAS    31011910 000012
10231987175000168916200163100    000039438                    000394380000000000000109                     I0139438     31011900000000350003410000017N020119104700000000000103101190000000000000000000000000000000000000000100007717387735VALNICE DA SILVA RODRIGUES MEN          RUA: B                                  JARDIM MARIN25910276MAGE           RJUNIAO UMB DOS CULTOS AFRO BRAS    31011910 000013
10231987175000168916200163100    000039437                    000394370000000000000109                     I0139437     31031900000000040003410000017N020119104700000000000103103190000000000000000000000000000000000000000100007717387735VALNICE DA SILVA RODRIGUES MEN          RUA: B                                  JARDIM MARIN25910276MAGE           RJUNIAO UMB DOS CULTOS AFRO BRAS    31031910 000014
10231987175000168916200163100    000039436                    000394360000000000000109                     I0139436     28021900000000040003410000017N020119104700000000000102802190000000000000000000000000000000000000000100007717387735VALNICE DA SILVA RODRIGUES MEN          RUA: B                                  JARDIM MARIN25910276MAGE           RJUNIAO UMB DOS CULTOS AFRO BRAS    28021910 000015
10231987175000168916200163100    000039435                    000394350000000000000109                     I0139435     31011900000000040003410000017N020119104700000000000103101190000000000000000000000000000000000000000100007717387735VALNICE DA SILVA RODRIGUES MEN          RUA: B                                  JARDIM MARIN25910276MAGE           RJUNIAO UMB DOS CULTOS AFRO BRAS    31011910 000016
9                                                                                                                                                                                                                                                                                                                                                                                                         000017
