01REMESSA01COBRANCA       916200163100        União Umb dos Cultos Afro Bra341BANCO ITAU SA  090818                                                                                                                                                                                                                                                                                                      000001
10231987175000168916200163100    000021122                    000211220000000000000109                     I3421122     10071800000000350003410000017N290518104700000000000101007180000000000000000000000000000000000000000100002066794759MARCELO VIEIRA DA SILVA                 RUA: SIMAS                              ENCANTADO   20745030RIO DE JANEIRO RJUNIAO UMB DOS CULTOS AFRO BRAS    10071810 000002
10231987175000168916200163100    000020923                    000209230000000000000109                     I0220923     30081800000000035003410000017N100518104700000000000103008180000000000000000000000000000000000000000100063533758753SONIA MARIA MEIRA DE SOUZA              ESTRADA DE PACIENCIA, 120 (ASSOCIACAO)  PACIENCIA - 23060372RIO DE JANEIRO RJUNIAO UMB DOS CULTOS AFRO BRAS    30081810 000003
10231987175000168916200163100    000020922                    000209220000000000000109                     I0220922     30071800000000035003410000017N100518104700000000000103007180000000000000000000000000000000000000000100063533758753SONIA MARIA MEIRA DE SOUZA              ESTRADA DE PACIENCIA, 120 (ASSOCIACAO)  PACIENCIA - 23060372RIO DE JANEIRO RJUNIAO UMB DOS CULTOS AFRO BRAS    30071810 000004
10231987175000168916200163100    000020820                    000208200000000000000109                     I3420820     30081800000000035003410000017N080518104700000000000103008180000000000000000000000000000000000000000100007620451157JUCIARA BARRETO DA SILVA                RUA G SN                                PIABETA     25900000MAGE           RJUNIAO UMB DOS CULTOS AFRO BRAS    30081810 000005
10231987175000168916200163100    000020667                    000206670000000000000109                     I0220667     30081800000000035003410000017N070518104700000000000103008180000000000000000000000000000000000000000100065000366700DULCINEIA DA SILVA MENDONCA             RUA DAS ROSAS                           RANCHO FUNDO26041510NOVA IGUACU    RJUNIAO UMB DOS CULTOS AFRO BRAS    30081810 000006
10231987175000168916200163100    000020646                    000206460000000000000109                     I3420646     30081800000000035003410000017N070518104700000000000103008180000000000000000000000000000000000000000100000839586736MAURO CESAR BRANCO OBERLAENDER          RUA IGUARIM                             REALENGO    21765540RIO DE JANEIRO RJUNIAO UMB DOS CULTOS AFRO BRAS    30081810 000007
10231987175000168916200163100    000020386                    000203860000000000000109                     I3420386     30081800000000035003410000017N070518104700000000000103008180000000000000000000000000000000000000000100007812146707GRASIELI RIBEIRO DE ALMEIDA             RUA PADRE ARMANDO NOGUEIRA, 30          AGUA SANTA -20745120RIO DE JANEIRO RJUNIAO UMB DOS CULTOS AFRO BRAS    30081810 000008
10231987175000168916200163100    000020329                    000203290000000000000109                     I3420329     30081800000000035003410000017N070518104700000000000103008180000000000000000000000000000000000000000100000119220792ANA MARIA PASSOS INOCENCIO              RUA CACONDE N 258                       RIO DE JANEI21331415RIO DE JANEIRO RJUNIAO UMB DOS CULTOS AFRO BRAS    30081810 000009
10231987175000168916200163100    000020310                    000203100000000000000109                     I0220310     30081800000000035003410000017N070518104700000000000103008180000000000000000000000000000000000000000100037433288791VERA LUCIA COSTA MOACYR                 RUA JOANA KALIL, LOTE 6 QUADRA 51       JARDIM MERIT25555100SAO JOAO DE MERRJUNIAO UMB DOS CULTOS AFRO BRAS    30081810 000010
10231987175000168916200163100    000020253                    000202530000000000000109                     I3420253     30081800000000035003410000017N070518104700000000000103008180000000000000000000000000000000000000000100003319281755GENILSON CAETANO DA SILVA               RUA JACO MELOTI, 46                     CORUMBA - NO26041790NOVA IGUACU    RJUNIAO UMB DOS CULTOS AFRO BRAS    30081810 000011
10231987175000168916200163100    000020199                    000201990000000000000109                     I0220199     30081800000000035003410000017N070518104700000000000103008180000000000000000000000000000000000000000100005241615776SIMONE ALICE CACCAVO GRIBEL             RUA VENEZA, 142                         PRAIA DE MAU25900000MAGE           RJUNIAO UMB DOS CULTOS AFRO BRAS    30081810 000012
10231987175000168916200163100    000020058                    000200580000000000000109                     I0220058     30081800000000035003410000017N070518104700000000000103008180000000000000000000000000000000000000000100001343627729RICARDO CADER DA SILVA                  RUA: MONCLARO MENA BARRETO N° 49       VILA VALQUEI22010010RIO DE JANEIRO RJUNIAO UMB DOS CULTOS AFRO BRAS    30081810 000013
10231987175000168916200163100    000020007                    000200070000000000000109                     I3420007     30081800000000035003410000017N070518104700000000000103008180000000000000000000000000000000000000000100002673106766JANAINA MARQUES ALVES SANTOS T          RUA C                                   BASILIO     28800000RIO DE JANEIRO RJUNIAO UMB DOS CULTOS AFRO BRAS    30081810 000014
10231987175000168916200163100    000019928                    000199280000000000000109                     I3419928     30081800000000035003410000017N070518104700000000000103008180000000000000000000000000000000000000000100083679472749SILVIA REGINA DE SOUZA BAPTIST          RUA  LAFAIETE JOSE MEDINA, 2            CHAPEU MANGU22010020RIO DE JANEIRO RJUNIAO UMB DOS CULTOS AFRO BRAS    30081810 000015
10231987175000168916200163100    000019888                    000198880000000000000109                     I0219888     30081800000000035003410000017N070518104700000000000103008180000000000000000000000000000000000000000100091228239720MIRIAN DA SILVA PEREIRA                 RUA  NORDESTE 40                        JARDIM PARAI26000000RIO DE JANEIRO RJUNIAO UMB DOS CULTOS AFRO BRAS    30081810 000016
10231987175000168916200163100    000019880                    000198800000000000000109                     I0219880     30081800000000035003410000017N070518104700000000000103008180000000000000000000000000000000000000000100065096100782TANIA REGINA FIRMINO                    RUA TREZE DE MAIO 7                     VILA OPERARI25080410DUQUE DE CAXIASRJUNIAO UMB DOS CULTOS AFRO BRAS    30081810 000017
10231987175000168916200163100    000019759                    000197590000000000000109                     I3419759     30081800000000035003410000017N070518104700000000000103008180000000000000000000000000000000000000000100067267258753RITA DE CASSIA DIACOVO PELLITO          RUA ANDRE AZEVEDO, 87 CASA 101 BLOCO 25 OLARIA  - RI21021480RIO DE JANEIRO RJUNIAO UMB DOS CULTOS AFRO BRAS    30081810 000018
10231987175000168916200163100    000019695                    000196950000000000000109                     I3419695     30081800000000035003410000017N070518104700000000000103008180000000000000000000000000000000000000000100038370999700JULIO ALEXANDRE FERREIRA                RUA BARAO DE JACUI, 254 CASA 16 FUNDOS  OSWALDO CRUZ21550310RIO DE JANEIRO RJUNIAO UMB DOS CULTOS AFRO BRAS    30081810 000019
10231987175000168916200163100    000019551                    000195510000000000000109                     I3419551     30081800000000035003410000017N070518104700000000000103008180000000000000000000000000000000000000000100008763637707JUSSARA SILVA DE ALBUQUERQUE            RUA: ARGOS Nº 281 FUNDOS - GUADALUPE   RIO DE JANEI21660050RIO DE JANEIRO RJUNIAO UMB DOS CULTOS AFRO BRAS    30081810 000020
10231987175000168916200163100    000019424                    000194240000000000000109                     I3419424     30081800000000035003410000017N070518104700000000000103008180000000000000000000000000000000000000000200000000007695MARCO ANTONIO DA COSTA                  RUA LOIR NOGUEIRA LOTE 10 QUADRA 11     RIO DO OURO 24752840SAO GONCALO    RJUNIAO UMB DOS CULTOS AFRO BRAS    30081810 000021
10231987175000168916200163100    000019270                    000192700000000000000109                     I3419270     30081800000000035003410000017N070518104700000000000103008180000000000000000000000000000000000000000200000000005639MANOELLA MARIA DA CONCEICAO             RUA PIRES DO RIO, 928                   EDEN - SAO J25540510SAO JOAO DE MERRJUNIAO UMB DOS CULTOS AFRO BRAS    30081810 000022
10231987175000168916200163100    000019097                    000190970000000000000109                     I0219097     30071800000000035003410000017N070518104700000000000103007180000000000000000000000000000000000000000100065000366700DULCINEIA DA SILVA MENDONCA             RUA DAS ROSAS                           RANCHO FUNDO26041510NOVA IGUACU    RJUNIAO UMB DOS CULTOS AFRO BRAS    30071810 000023
10231987175000168916200163100    000018962                    000189620000000000000109                     I3418962     30071800000000035003410000017N070518104700000000000103007180000000000000000000000000000000000000000100002362714748MAGLENE GOMES ARAUJO                    RUA TENENTE PINTO DUARTE N 36           BENTO RIBEIR21550370RIO DE JANEIRO RJUNIAO UMB DOS CULTOS AFRO BRAS    30071810 000024
10231987175000168916200163100    000018759                    000187590000000000000109                     I3418759     30071800000000035003410000017N070518104700000000000103007180000000000000000000000000000000000000000100000119220792ANA MARIA PASSOS INOCENCIO              RUA CACONDE N 258                       RIO DE JANEI21331415RIO DE JANEIRO RJUNIAO UMB DOS CULTOS AFRO BRAS    30071810 000025
10231987175000168916200163100    000018683                    000186830000000000000109                     I3418683     30071800000000035003410000017N070518104700000000000103007180000000000000000000000000000000000000000100003319281755GENILSON CAETANO DA SILVA               RUA JACO MELOTI, 46                     CORUMBA - NO26041790NOVA IGUACU    RJUNIAO UMB DOS CULTOS AFRO BRAS    30071810 000026
10231987175000168916200163100    000018629                    000186290000000000000109                     I0218629     30071800000000035003410000017N070518104700000000000103007180000000000000000000000000000000000000000100005241615776SIMONE ALICE CACCAVO GRIBEL             RUA VENEZA, 142                         PRAIA DE MAU25900000MAGE           RJUNIAO UMB DOS CULTOS AFRO BRAS    30071810 000027
10231987175000168916200163100    000018623                    000186230000000000000109                     I3418623     30071800000000035003410000017N070518104700000000000103007180000000000000000000000000000000000000000100011519708750GERALDINA DA SILVA MENDONCA             AV. ALBERTINO LADEIRA, 63               ENGENHEIRO R26041510NOVA IGUACU    RJUNIAO UMB DOS CULTOS AFRO BRAS    30071810 000028
10231987175000168916200163100    000018568                    000185680000000000000109                     I3418568     30071800000000035003410000017N070518104700000000000103007180000000000000000000000000000000000000000100091156386772MARILENE PEREIRA DOS SANTOS CO          ESTRADA DO PORTELA  694                 OSVALDO CRUZ21351050RIO DE JANEIRO RJUNIAO UMB DOS CULTOS AFRO BRAS    30071810 000029
10231987175000168916200163100    000018518                    000185180000000000000109                     I0218518     30071800000000035003410000017N070518104700000000000103007180000000000000000000000000000000000000000100074597035753LUCIMAR DE SOUZA DIAS                   RUA LIGIA MALAGUTI, 150                 BOMBAS DO GU26357000NOVA IGUACU    RJUNIAO UMB DOS CULTOS AFRO BRAS    30071810 000030
10231987175000168916200163100    000018488                    000184880000000000000109                     I0218488     30071800000000035003410000017N070518104700000000000103007180000000000000000000000000000000000000000100001343627729RICARDO CADER DA SILVA                  RUA: MONCLARO MENA BARRETO N° 49       VILA VALQUEI22010010RIO DE JANEIRO RJUNIAO UMB DOS CULTOS AFRO BRAS    30071810 000031
10231987175000168916200163100    000018419                    000184190000000000000109                     I3418419     30071800000000035003410000017N070518104700000000000103007180000000000000000000000000000000000000000100011297806786THIAGO PEREIRA DE BRITO                 RUA SAO JANUARIO                        FONSECA     24130386NITEROI        RJUNIAO UMB DOS CULTOS AFRO BRAS    30071810 000032
10231987175000168916200163100    000018393                    000183930000000000000109                     I3418393     30071800000000035003410000017N070518104700000000000103007180000000000000000000000000000000000000000200000000010582NILO SERGIO SANTOS BARCELLOS            ESTRADA CORONEL VIEIRA, 134 BLOCO 4 APTOIRAJA - RJ  21220310RIO DE JANEIRO RJUNIAO UMB DOS CULTOS AFRO BRAS    30071810 000033
10231987175000168916200163100    000018358                    000183580000000000000109                     I3418358     30071800000000035003410000017N070518104700000000000103007180000000000000000000000000000000000000000100083679472749SILVIA REGINA DE SOUZA BAPTIST          RUA  LAFAIETE JOSE MEDINA, 2            CHAPEU MANGU22010020RIO DE JANEIRO RJUNIAO UMB DOS CULTOS AFRO BRAS    30071810 000034
10231987175000168916200163100    000018318                    000183180000000000000109                     I0218318     30071800000000035003410000017N070518104700000000000103007180000000000000000000000000000000000000000100091228239720MIRIAN DA SILVA PEREIRA                 RUA  NORDESTE 40                        JARDIM PARAI26000000RIO DE JANEIRO RJUNIAO UMB DOS CULTOS AFRO BRAS    30071810 000035
10231987175000168916200163100    000018310                    000183100000000000000109                     I0218310     30071800000000035003410000017N070518104700000000000103007180000000000000000000000000000000000000000100065096100782TANIA REGINA FIRMINO                    RUA TREZE DE MAIO 7                     VILA OPERARI25080410DUQUE DE CAXIASRJUNIAO UMB DOS CULTOS AFRO BRAS    30071810 000036
10231987175000168916200163100    000018210                    000182100000000000000109                     I3418210     30071800000000040003410000017N070518104700000000000103007180000000000000000000000000000000000000000100074789600734SOLANGE MARTINS                         RUA ITAJIBA                             COSMOS      23060450RIO DE JANEIRO RJUNIAO UMB DOS CULTOS AFRO BRAS    30071810 000037
10231987175000168916200163100    000018189                    000181890000000000000109                     I3418189     30071800000000035003410000017N070518104700000000000103007180000000000000000000000000000000000000000100067267258753RITA DE CASSIA DIACOVO PELLITO          RUA ANDRE AZEVEDO, 87 CASA 101 BLOCO 25 OLARIA  - RI21021480RIO DE JANEIRO RJUNIAO UMB DOS CULTOS AFRO BRAS    30071810 000038
10231987175000168916200163100    000018158                    000181580000000000000109                     I3418158     30071800000000035003410000017N070518104700000000000103007180000000000000000000000000000000000000000100093473095753ALEXANDER NUNES PICANCO                 RUA REGISTRO, 315                       SENADOR CAMA21832270RIO DE JANEIRO RJUNIAO UMB DOS CULTOS AFRO BRAS    30071810 000039
10231987175000168916200163100    000018125                    000181250000000000000109                     I3418125     30071800000000035003410000017N070518104700000000000103007180000000000000000000000000000000000000000100038370999700JULIO ALEXANDRE FERREIRA                RUA BARAO DE JACUI, 254 CASA 16 FUNDOS  OSWALDO CRUZ21550310RIO DE JANEIRO RJUNIAO UMB DOS CULTOS AFRO BRAS    30071810 000040
10231987175000168916200163100    000018083                    000180830000000000000109                     I0218083     30071800000000035003410000017N070518104700000000000103007180000000000000000000000000000000000000000100000000000409CARLOS HENRIQUE LOPES ROSA              RUA: ROSA MULLER                        VILAR DOS TE25560355SAO JOAO DE MERRJUNIAO UMB DOS CULTOS AFRO BRAS    30071810 000041
10231987175000168916200163100    000017806                    000178060000000000000109                     I3417806     30071800000000035003410000017N070518104700000000000103007180000000000000000000000000000000000000000100045471240782MARIA HELENA DE SOUZA FREITAS           O MESMO                                 O MESMO     26131970BELFORD ROXO   RJUNIAO UMB DOS CULTOS AFRO BRAS    30071810 000042
10231987175000168916200163100    000017791                    000177910000000000000109                     I3417791     30071800000000035003410000017N070518104700000000000103007180000000000000000000000000000000000000000100095274987753PAULO SERGIO BARBOSA DA CUNHA           RUA: DAS BORBOLETAS Nº 21 E 22 - BANGU RIO DE JANEI21866030RIO DE JANEIRO RJUNIAO UMB DOS CULTOS AFRO BRAS    30071810 000043
10231987175000168916200163100    000016007                    000160070000000000000109                     I3416007     30061800000000035003410000017N070518104700000000000103006180000000000000000000000000000000000000000100005933193704ANA PAULA DA SILVA SANTOS               RUA: APIACA                             JARDIM BARRO25267290DUQUE DE CAXIASRJUNIAO UMB DOS CULTOS AFRO BRAS    30061810 000044
10231987175000168916200163100    000015907                    000159070000000000000109                     I0215907     30061800000000035003410000017N070518104700000000000103006180000000000000000000000000000000000000000100065000366700DULCINEIA DA SILVA MENDONCA             RUA DAS ROSAS                           RANCHO FUNDO26041510NOVA IGUACU    RJUNIAO UMB DOS CULTOS AFRO BRAS    30061810 000045
10231987175000168916200163100    000015772                    000157720000000000000109                     I3415772     30061800000000035003410000017N070518104700000000000103006180000000000000000000000000000000000000000100002362714748MAGLENE GOMES ARAUJO                    RUA TENENTE PINTO DUARTE N 36           BENTO RIBEIR21550370RIO DE JANEIRO RJUNIAO UMB DOS CULTOS AFRO BRAS    30061810 000046
10231987175000168916200163100    000015501                    000155010000000000000109                     I3415501     30061800000000035003410000017N070518104700000000000103006180000000000000000000000000000000000000000100079921947804GILSON ANDRADE                          RUA TANGI, LOTE 12 QUADRA C             PARQUE REAL 26175025BELFORD ROXO   RJUNIAO UMB DOS CULTOS AFRO BRAS    30061810 000047
10231987175000168916200163100    000015439                    000154390000000000000109                     I0215439     30061800000000035003410000017N070518104700000000000103006180000000000000000000000000000000000000000100005241615776SIMONE ALICE CACCAVO GRIBEL             RUA VENEZA, 142                         PRAIA DE MAU25900000MAGE           RJUNIAO UMB DOS CULTOS AFRO BRAS    30061810 000048
10231987175000168916200163100    000015433                    000154330000000000000109                     I3415433     30061800000000035003410000017N070518104700000000000103006180000000000000000000000000000000000000000100011519708750GERALDINA DA SILVA MENDONCA             AV. ALBERTINO LADEIRA, 63               ENGENHEIRO R26041510NOVA IGUACU    RJUNIAO UMB DOS CULTOS AFRO BRAS    30061810 000049
10231987175000168916200163100    000015385                    000153850000000000000109                     I3415385     30061800000000035003410000017N070518104700000000000103006180000000000000000000000000000000000000000100011981552723DIEGO DE SIQUEIRA VIEIRA                RUA ACU N 339 FUNDOS                    REALENGO - R21765640RIO DE JANEIRO RJUNIAO UMB DOS CULTOS AFRO BRAS    30061810 000050
10231987175000168916200163100    000015328                    000153280000000000000109                     I0215328     16071800000000035003410000017N070518104700000000000101607180000000000000000000000000000000000000000100074597035753LUCIMAR DE SOUZA DIAS                   RUA LIGIA MALAGUTI, 150                 BOMBAS DO GU26357000NOVA IGUACU    RJUNIAO UMB DOS CULTOS AFRO BRAS    16071810 000051
10231987175000168916200163100    000015298                    000152980000000000000109                     I0215298     30061800000000035003410000017N070518104700000000000103006180000000000000000000000000000000000000000100001343627729RICARDO CADER DA SILVA                  RUA: MONCLARO MENA BARRETO N° 49       VILA VALQUEI22010010RIO DE JANEIRO RJUNIAO UMB DOS CULTOS AFRO BRAS    30061810 000052
10231987175000168916200163100    000015259                    000152590000000000000109                     I3415259     30061800000000035003410000017N070518104700000000000103006180000000000000000000000000000000000000000100043839312787GILDA MANOELA                           RUA CRISANTEMOS                         PRADOS VERDE26299039NOVA IGUACU    RJUNIAO UMB DOS CULTOS AFRO BRAS    30061810 000053
10231987175000168916200163100    000015169                    000151690000000000000109                     I3415169     30061800000000035003410000017N070518104700000000000103006180000000000000000000000000000000000000000100083679472749SILVIA REGINA DE SOUZA BAPTIST          RUA  LAFAIETE JOSE MEDINA, 2            CHAPEU MANGU22010020RIO DE JANEIRO RJUNIAO UMB DOS CULTOS AFRO BRAS    30061810 000054
10231987175000168916200163100    000015129                    000151290000000000000109                     I0215129     30061800000000035003410000017N070518104700000000000103006180000000000000000000000000000000000000000100091228239720MIRIAN DA SILVA PEREIRA                 RUA  NORDESTE 40                        JARDIM PARAI26000000RIO DE JANEIRO RJUNIAO UMB DOS CULTOS AFRO BRAS    30061810 000055
10231987175000168916200163100    000015121                    000151210000000000000109                     I0215121     30061800000000035003410000017N070518104700000000000103006180000000000000000000000000000000000000000100065096100782TANIA REGINA FIRMINO                    RUA TREZE DE MAIO 7                     VILA OPERARI25080410DUQUE DE CAXIASRJUNIAO UMB DOS CULTOS AFRO BRAS    30061810 000056
10231987175000168916200163100    000015021                    000150210000000000000109                     I3415021     30061800000000040003410000017N070518104700000000000103006180000000000000000000000000000000000000000100074789600734SOLANGE MARTINS                         RUA ITAJIBA                             COSMOS      23060450RIO DE JANEIRO RJUNIAO UMB DOS CULTOS AFRO BRAS    30061810 000057
10231987175000168916200163100    000015000                    000150000000000000000109                     I3415000     30061800000000035003410000017N070518104700000000000103006180000000000000000000000000000000000000000100067267258753RITA DE CASSIA DIACOVO PELLITO          RUA ANDRE AZEVEDO, 87 CASA 101 BLOCO 25 OLARIA  - RI21021480RIO DE JANEIRO RJUNIAO UMB DOS CULTOS AFRO BRAS    30061810 000058
10231987175000168916200163100    000014969                    000149690000000000000109                     I3414969     30061800000000035003410000017N070518104700000000000103006180000000000000000000000000000000000000000100093473095753ALEXANDER NUNES PICANCO                 RUA REGISTRO, 315                       SENADOR CAMA21832270RIO DE JANEIRO RJUNIAO UMB DOS CULTOS AFRO BRAS    30061810 000059
10231987175000168916200163100    000014894                    000148940000000000000109                     I0214894     30061800000000035003410000017N070518104700000000000103006180000000000000000000000000000000000000000100000000000409CARLOS HENRIQUE LOPES ROSA              RUA: ROSA MULLER                        VILAR DOS TE25560355SAO JOAO DE MERRJUNIAO UMB DOS CULTOS AFRO BRAS    30061810 000060
9                                                                                                                                                                                                                                                                                                                                                                                                         000061
