01REMESSA01COBRANCA       916200163100        União Umb dos Cultos Afro Bra341BANCO ITAU SA  040118                                                                                                                                                                                                                                                                                                      000001
10231987175000168916200163100    00008475                     000084750000000000000109                     I018475      31011800000000035003410000017N020118050900000000000103101180000000000000000000000000000000000000000100052357023791DILMA DA SILVA BILONIA                  RUA CERES N 603                         BANGU - RJ  21862070RIO DE JANEIRO RJUNIAO UMB DOS CULTOS AFRO BRAS    31011810 000002
10231987175000168916200163100    00008473                     000084730000000000000109                     I018473      31011800000000035003410000017N020118050900000000000103101180000000000000000000000000000000000000000100061991465734JANDIRA AMELIA PAULA DE OLIVEI          RUA SALVADOR DO MONTE, 487 (ANTIGA RUA OBOACU - SAO 24467300SAO GONCALO    RJUNIAO UMB DOS CULTOS AFRO BRAS    31011810 000003
10231987175000168916200163100    00008471                     000084710000000000000109                     I018471      31011800000000035003410000017N020118050900000000000103101180000000000000000000000000000000000000000100050475142772LUIZ GONCALVES COLARES                  RUA LEONEL BRIZOLA, QUADRA A LOTE 11 - NPACIENCIA - 23587010RIO DE JANEIRO RJUNIAO UMB DOS CULTOS AFRO BRAS    31011810 000004
10231987175000168916200163100    00008469                     000084690000000000000109                     I018469      31011800000000035003410000017N020118050900000000000103101180000000000000000000000000000000000000000100004275143710NILZA DA COSTA ETELVINO                 RUA SETE, 80 - CONJUNTO CAMPINHO        CAMPO GRANDE23067130RIO DE JANEIRO RJUNIAO UMB DOS CULTOS AFRO BRAS    31011810 000005
10231987175000168916200163100    00008468                     000084680000000000000109                     I018468      31011800000000035003410000017N020118050900000000000103101180000000000000000000000000000000000000000100000120098733MARIA APARECIDA SOUZA DA SILVA          RUA NOVE, 424 LOTE 3 QUADRA B - JARDIM DPRAIA DE MAU25930000MAGE           RJUNIAO UMB DOS CULTOS AFRO BRAS    31011810 000006
10231987175000168916200163100    00008460                     000084600000000000000109                     I018460      31011800000000035003410000017N020118050900000000000103101180000000000000000000000000000000000000000100034946018700SIDNEY ESTRELA EVANGELISTA              RUA ELZA SN QUADRA 34 LOTE 39           JARDIM GUANA26321020QUEIMADOS      RJUNIAO UMB DOS CULTOS AFRO BRAS    31011810 000007
10231987175000168916200163100    00008459                     000084590000000000000109                     I018459      31011800000000035003410000017N020118050900000000000103101180000000000000000000000000000000000000000100001173292748REINALTO BATISTA SILVEIRA               RUA MANOEL MACHADO DE OLIVEIRA, 55      MARIA LUIZA 23060000CAMPO GRANDE   RJUNIAO UMB DOS CULTOS AFRO BRAS    31011810 000008
10231987175000168916200163100    00008456                     000084560000000000000109                     I018456      31011800000000035003410000017N020118050900000000000103101180000000000000000000000000000000000000000100075300931772ALTAIR DE SOUZA COSTA                   RUA SETE DE SETEMBRO, LOTE 15 QUADRA 7 -CABUCU - NOV26293486NOVA IGUACU    RJUNIAO UMB DOS CULTOS AFRO BRAS    31011810 000009
10231987175000168916200163100    00008455                     000084550000000000000109                     I018455      31011800000000035003410000017N020118050900000000000103101180000000000000000000000000000000000000000100010120070731GABRIEL LAERTE DA SILVA                 ESTRADA DE MADUREIRA, 2025              MARIPICU - N26365220NOVA IGUACU    RJUNIAO UMB DOS CULTOS AFRO BRAS    31011810 000010
10231987175000168916200163100    00008452                     000084520000000000000109                     I018452      31011800000000040003410000017N020118050900000000000103101180000000000000000000000000000000000000000100087292971768ANTONIA HERMINIA DA SILVA               RUA PROFESSOR SILVIO ELIAS              VARGEM GRAND22783235RIO DE JANEIRO RJUNIAO UMB DOS CULTOS AFRO BRAS    31011810 000011
10231987175000168916200163100    00008447                     000084470000000000000109                     I018447      31011800000000035003410000017N020118050900000000000103101180000000000000000000000000000000000000000100095294236753ROSANE MOREIRA DE LIMA                  RUA IRIGUATI Nº 63                     OLARIA      21073320RIO DE JANEIRO RJUNIAO UMB DOS CULTOS AFRO BRAS    31011810 000012
10231987175000168916200163100    00008446                     000084460000000000000109                     I018446      31011800000000035003410000017N020118050900000000000103101180000000000000000000000000000000000000000100050965158772NORMA GONCALVES DIAS                    RUA MARQUES DE QUELUZ N 41              IRAJA - RIO 21235120RIO DE JANEIRO RJUNIAO UMB DOS CULTOS AFRO BRAS    31011810 000013
10231987175000168916200163100    00008444                     000084440000000000000109                     I018444      31011800000000035003410000017N020118050900000000000103101180000000000000000000000000000000000000000100000441127770NOEMIA DINANTES GOMES                   RUA COELHO DA ROCHA N 596               AGOSTINHO PO25550690SAO JOAO DE MERRJUNIAO UMB DOS CULTOS AFRO BRAS    31011810 000014
10231987175000168916200163100    00008443                     000084430000000000000109                     I018443      31011800000000035003410000017N020118050900000000000103101180000000000000000000000000000000000000000100098456164704JUCEMAR DOS SANTOS ESTEVES              RUA ABEL DE ALVARENGA N 62              CHATUBA - ME26585000MESQUITA       RJUNIAO UMB DOS CULTOS AFRO BRAS    31011810 000015
10231987175000168916200163100    00008442                     000084420000000000000109                     I018442      31011800000000035003410000017N020118050900000000000103101180000000000000000000000000000000000000000100008983253746SHEILA DE SANTANA RAMOS                 RUA GUAJERU LOTE 16                     GUARABU - IL21921410ILHA DO GOVERNARJUNIAO UMB DOS CULTOS AFRO BRAS    31011810 000016
10231987175000168916200163100    00008441                     000084410000000000000109                     I018441      31011800000000035003410000017N020118050900000000000103101180000000000000000000000000000000000000000100000903948796MARIA VILANY DE OLIVEIRA BIEGL          RUA D SN LOTE 68 QUADRA 13              PARQUE SANTA25915000MAGE           RJUNIAO UMB DOS CULTOS AFRO BRAS    31011810 000017
10231987175000168916200163100    00008440                     000084400000000000000109                     I018440      31011800000000035003410000017N020118050900000000000103101180000000000000000000000000000000000000000100075487640734MARIA VIRGINIA TIAGO DA SILVA           RUA DO ALGODAO N 786                    RICARDO DE A21620040RIO DE JANEIRO RJUNIAO UMB DOS CULTOS AFRO BRAS    31011810 000018
10231987175000168916200163100    00008436                     000084360000000000000109                     I018436      31011800000000035003410000017N020118050900000000000103101180000000000000000000000000000000000000000100004291038755MARIA DE FATIMA VIANA DE CARVA          RUA FERREIRA CHAVES, 701                VILA COSMOS 21221090RIO DE JANEIRO RJUNIAO UMB DOS CULTOS AFRO BRAS    31011810 000019
10231987175000168916200163100    00008433                     000084330000000000000109                     I018433      31011800000000035003410000017N020118050900000000000103101180000000000000000000000000000000000000000100002340783755VERA LUCIA MARQUES DOS SANTOS           RUA MORANGABA  29                       GUADALUPE  R21665140RIO DE JANEIRO RJUNIAO UMB DOS CULTOS AFRO BRAS    31011810 000020
10231987175000168916200163100    00008432                     000084320000000000000109                     I018432      31011800000000035003410000017N020118050900000000000103101180000000000000000000000000000000000000000100039914666787JUSSARA MARANHAO DA SILVA               RUA AGUAS BELAS N 174                   AURORA - SAO23055580CAMPO GRANDE   RJUNIAO UMB DOS CULTOS AFRO BRAS    31011810 000021
10231987175000168916200163100    00008429                     000084290000000000000109                     I018429      31011800000000035003410000017N020118050900000000000103101180000000000000000000000000000000000000000100047059770763MARIA MATHIAS DE OLIVEIRA               RUA CAMBUCI N 38                        MUQUECA - BA27140280BARRA DO PIRAI RJUNIAO UMB DOS CULTOS AFRO BRAS    31011810 000022
10231987175000168916200163100    00008428                     000084280000000000000109                     I018428      31011800000000035003410000017N020118050900000000000103101180000000000000000000000000000000000000000100028711459700LEA MARIA GOMES FERREIRA                AVENIDA CANAL, 16                       VILAR DOS TE25560510SAO JOAO DE MERRJUNIAO UMB DOS CULTOS AFRO BRAS    31011810 000023
10231987175000168916200163100    00008425                     000084250000000000000109                     I018425      31011800000000035003410000017N020118050900000000000103101180000000000000000000000000000000000000000100000561922748SALVADOR MOLINA TRINDADE                RUA INARE  490                          CASCADURA - 21311190RIO DE JANEIRO RJUNIAO UMB DOS CULTOS AFRO BRAS    31011810 000024
10231987175000168916200163100    00008424                     000084240000000000000109                     I018424      31011800000000035003410000017N020118050900000000000103101180000000000000000000000000000000000000000100005412696740MONICA MIRALHA MESSINA                  O MESMO                                 O MESMO     21370350RIO DE JANEIRO RJUNIAO UMB DOS CULTOS AFRO BRAS    31011810 000025
10231987175000168916200163100    00008414                     000084140000000000000109                     I018414      31011800000000035003410000017N020118050900000000000103101180000000000000000000000000000000000000000100001655794710ADRIANA QUEIROZ DE ARAUJO SOAR          RUA: SAMPAIO CORREIA Nº 113 - COLONIA  JACAREPAGUA 22713371RIO DE JANEIRO RJUNIAO UMB DOS CULTOS AFRO BRAS    31011810 000026
10231987175000168916200163100    00008410                     000084100000000000000109                     I018410      31011800000000035003410000017N020118050900000000000103101180000000000000000000000000000000000000000100001686254741ADELIA DE OLIVEIRA AZEVEDO              RUA CORONEL CAMISAO N 842               VISTA ALEGRE21250290RIO DE JANEIRO RJUNIAO UMB DOS CULTOS AFRO BRAS    31011810 000027
10231987175000168916200163100    00008408                     000084080000000000000109                     I018408      05011800000000035003410000017N020118050900000000000100501180000000000000000000000000000000000000000100056864680797SONIA MARIA DA SILVA                    RUA A, 11 - LOTEAMENTO SANTA MARIA      CAMBOTA - VA27600000VALENCIA       RJUNIAO UMB DOS CULTOS AFRO BRAS    05011810 000028
10231987175000168916200163100    00004829                     000048290000000000000109                     I014829      31011800000000700003410000017N261217050900000000000103101180000000000000000000000000000000000000000100090535715749CELSO LUIZ JARDIM DE OLIVEIRA           RUA: GEORGE ALAN                        LARGO DO BAR24110125NITEROI        RJUNIAO UMB DOS CULTOS AFRO BRAS    31011810 000029
10231987175000168916200163100    00004489                     000044890000000000000109                     I014489      22121700000000350003410000017N171117050900000000000102212170000000000000000000000000000000000000000100014604780706GILMAR GONCALVES FERREIRA               RUA DOIS BLOCO 2 CASA 27                ROCINHA - RI22451400RIO DE JANEIRO RJUNIAO UMB DOS CULTOS AFRO BRAS    22121710 000030
10231987175000168916200163100    00004155                     000041550000000000000109                     I014155      22121700000000350003410000017N171117050900000000000102212170000000000000000000000000000000000000000100072214171720ROBSON ROGERIO CRUZ                     TRAVESSA ALMERINDA FREITAS,  25 SALA 408MADUREIRA - 21350280RIO DE JANEIRO RJUNIAO UMB DOS CULTOS AFRO BRAS    22121710 000031
10231987175000168916200163100    00003967                     000039670000000000000109                     I013967      22121700000000350003410000017N171117050900000000000102212170000000000000000000000000000000000000000100008324809759CARLA DA SILVA JUSTINO                  RUA DAS CAMELIAS, QUADRA 12 LOTE 5      PIRANEMA - I23855220ITAGUAI        RJUNIAO UMB DOS CULTOS AFRO BRAS    22121710 000032
10231987175000168916200163100    00003702                     000037020000000000000109                     I013702      22121700000000350003410000017N171117050900000000000102212170000000000000000000000000000000000000000100068567855772ZAILDA MASCARENHAS DOS SANTOS           RUA FRANCISCO ANTONIO NASCIMENTO, 57    MIGUEL COUTO26070467RIO DE JANEIRO RJUNIAO UMB DOS CULTOS AFRO BRAS    22121710 000033
10231987175000168916200163100    00003650                     000036500000000000000109                     I013650      22121700000000350003410000017N171117050900000000000102212170000000000000000000000000000000000000000100027686205720DENNIS CLARE                            RUA: RATICLIFF                          RIACHUELO   20950170RIO DE JANEIRO RJUNIAO UMB DOS CULTOS AFRO BRAS    22121710 000034
10231987175000168916200163100    00003625                     000036250000000000000109                     I013625      22121700000000350003410000017N171117050900000000000102212170000000000000000000000000000000000000000100078935806749MARIA DA CONCEICAO DOS SANTOS           RUA ESTRELA, 26                         VILA SAO MIG26088315NOVA IGUACU    RJUNIAO UMB DOS CULTOS AFRO BRAS    22121710 000035
10231987175000168916200163100    00003496                     000034960000000000000109                     I013496      22121700000000350003410000017N171117050900000000000102212170000000000000000000000000000000000000000100005744506705SANDRA REGINA DE OLIVEIRA               RUA MARCIA COSTA N 924                  JARDIM NOVA 26271160NOVA IGUACU    RJUNIAO UMB DOS CULTOS AFRO BRAS    22121710 000036
10231987175000168916200163100    00003492                     000034920000000000000109                     I013492      22121700000000350003410000017N171117050900000000000102212170000000000000000000000000000000000000000100000910644730JOSE ALEXANDRE IOZZI                    RUA AUGUSTO NUNES, 253 CASA 3           MEIER - RJ  20770270RIO DE JANEIRO RJUNIAO UMB DOS CULTOS AFRO BRAS    22121710 000037
10231987175000168916200163100    00003490                     000034900000000000000109                     I013490      22121700000000350003410000017N171117050900000000000102212170000000000000000000000000000000000000000100001295514737DANUZA JEREMIAS DA SILVA                RUA JOAQUIM RAFAEL, 957                 COELHO - SAO24740020SAO GONCALO    RJUNIAO UMB DOS CULTOS AFRO BRAS    22121710 000038
10231987175000168916200163100    00003330                     000033300000000000000109                     I013330      22121700000000350003410000017N171117050900000000000102212170000000000000000000000000000000000000000100044451318734NILZA MUNIZ FIRMINO                     RUA: PEDRO AMERICO                      COLUBANDE - 24450480SAO GONCALO    RJUNIAO UMB DOS CULTOS AFRO BRAS    22121710 000039
10231987175000168916200163100    00003281                     000032810000000000000109                     I013281      22121700000000350003410000017N171117050900000000000102212170000000000000000000000000000000000000000100086919105772FLAVIO DA SILVA BARBOSA                 ESTRADA DO QUAFA, 678 RUA B LOTE 43     SANTISSIMO -23098030RIO DE JANEIRO RJUNIAO UMB DOS CULTOS AFRO BRAS    22121710 000040
10231987175000168916200163100    00003252                     000032520000000000000109                     I013252      22121700000000350003410000017N171117050900000000000102212170000000000000000000000000000000000000000100055570720715ATILA CARDOSO DE LIMA                   RUA EUGENIO SOARES, 270                 CENTRO - MES26550007MESQUITA       RJUNIAO UMB DOS CULTOS AFRO BRAS    22121710 000041
10231987175000168916200163100    00003245                     000032450000000000000109                     I013245      22121700000000350003410000017N171117050900000000000102212170000000000000000000000000000000000000000100051328054772BALBINA MARIA DE JESUS DEOLIND          RUA DA FELICIDADE, 26                   BANGU - RIO 21862465RIO DE JANEIRO RJUNIAO UMB DOS CULTOS AFRO BRAS    22121710 000042
10231987175000168916200163100    00003205                     000032050000000000000109                     I013205      22121700000000350003410000017N171117050900000000000102212170000000000000000000000000000000000000000100004728238768MARIA JOSE ILARIO MANGUEIRA             ESTRADA DA AGUA BRANCA, 2160            REALENGO - R21730000RIO DE JANEIRO RJUNIAO UMB DOS CULTOS AFRO BRAS    22121710 000043
10231987175000168916200163100    00003038                     000030380000000000000109                     I013038      31121700000000035003410000017N131117050900000000000103112170000000000000000000000000000000000000000100014604780706GILMAR GONCALVES FERREIRA               RUA DOIS BLOCO 2 CASA 27                ROCINHA - RI22451400RIO DE JANEIRO RJUNIAO UMB DOS CULTOS AFRO BRAS    31121710 000044
10231987175000168916200163100    00002700                     000027000000000000000109                     I012700      31121700000000035003410000017N131117050900000000000103112170000000000000000000000000000000000000000100072214171720ROBSON ROGERIO CRUZ                     TRAVESSA ALMERINDA FREITAS,  25 SALA 408MADUREIRA - 21350280RIO DE JANEIRO RJUNIAO UMB DOS CULTOS AFRO BRAS    31121710 000045
10231987175000168916200163100    00002481                     000024810000000000000109                     I012481      31121700000000035003410000017N131117050900000000000103112170000000000000000000000000000000000000000100008324809759CARLA DA SILVA JUSTINO                  RUA DAS CAMELIAS, QUADRA 12 LOTE 5      PIRANEMA - I23855220ITAGUAI        RJUNIAO UMB DOS CULTOS AFRO BRAS    31121710 000046
10231987175000168916200163100    00002214                     000022140000000000000109                     I012214      31121700000000035003410000017N131117050900000000000103112170000000000000000000000000000000000000000100068567855772ZAILDA MASCARENHAS DOS SANTOS           RUA FRANCISCO ANTONIO NASCIMENTO, 57    MIGUEL COUTO26070467RIO DE JANEIRO RJUNIAO UMB DOS CULTOS AFRO BRAS    31121710 000047
10231987175000168916200163100    00002162                     000021620000000000000109                     I012162      31121700000000035003410000017N131117050900000000000103112170000000000000000000000000000000000000000100027686205720DENNIS CLARE                            RUA: RATICLIFF                          RIACHUELO   20950170RIO DE JANEIRO RJUNIAO UMB DOS CULTOS AFRO BRAS    31121710 000048
10231987175000168916200163100    00002137                     000021370000000000000109                     I012137      31121700000000035003410000017N131117050900000000000103112170000000000000000000000000000000000000000100078935806749MARIA DA CONCEICAO DOS SANTOS           RUA ESTRELA, 26                         VILA SAO MIG26088315NOVA IGUACU    RJUNIAO UMB DOS CULTOS AFRO BRAS    31121710 000049
10231987175000168916200163100    00002006                     000020060000000000000109                     I012006      31121700000000035003410000017N131117050900000000000103112170000000000000000000000000000000000000000100005744506705SANDRA REGINA DE OLIVEIRA               RUA MARCIA COSTA N 924                  JARDIM NOVA 26271160NOVA IGUACU    RJUNIAO UMB DOS CULTOS AFRO BRAS    31121710 000050
10231987175000168916200163100    00002002                     000020020000000000000109                     I012002      31121700000000035003410000017N131117050900000000000103112170000000000000000000000000000000000000000100000910644730JOSE ALEXANDRE IOZZI                    RUA AUGUSTO NUNES, 253 CASA 3           MEIER - RJ  20770270RIO DE JANEIRO RJUNIAO UMB DOS CULTOS AFRO BRAS    31121710 000051
10231987175000168916200163100    00001999                     000019990000000000000109                     I011999      31121700000000035003410000017N131117050900000000000103112170000000000000000000000000000000000000000100001295514737DANUZA JEREMIAS DA SILVA                RUA JOAQUIM RAFAEL, 957                 COELHO - SAO24740020SAO GONCALO    RJUNIAO UMB DOS CULTOS AFRO BRAS    31121710 000052
10231987175000168916200163100    00001836                     000018360000000000000109                     I011836      31121700000000035003410000017N131117050900000000000103112170000000000000000000000000000000000000000100044451318734NILZA MUNIZ FIRMINO                     RUA: PEDRO AMERICO                      COLUBANDE - 24450480SAO GONCALO    RJUNIAO UMB DOS CULTOS AFRO BRAS    31121710 000053
10231987175000168916200163100    00001787                     000017870000000000000109                     I011787      31121700000000035003410000017N131117050900000000000103112170000000000000000000000000000000000000000100086919105772FLAVIO DA SILVA BARBOSA                 ESTRADA DO QUAFA, 678 RUA B LOTE 43     SANTISSIMO -23098030RIO DE JANEIRO RJUNIAO UMB DOS CULTOS AFRO BRAS    31121710 000054
10231987175000168916200163100    00001758                     000017580000000000000109                     I011758      31121700000000035003410000017N131117050900000000000103112170000000000000000000000000000000000000000100055570720715ATILA CARDOSO DE LIMA                   RUA EUGENIO SOARES, 270                 CENTRO - MES26550007MESQUITA       RJUNIAO UMB DOS CULTOS AFRO BRAS    31121710 000055
10231987175000168916200163100    00001751                     000017510000000000000109                     I011751      31121700000000035003410000017N131117050900000000000103112170000000000000000000000000000000000000000100051328054772BALBINA MARIA DE JESUS DEOLIND          RUA DA FELICIDADE, 26                   BANGU - RIO 21862465RIO DE JANEIRO RJUNIAO UMB DOS CULTOS AFRO BRAS    31121710 000056
10231987175000168916200163100    00001711                     000017110000000000000109                     I011711      31121700000000035003410000017N131117050900000000000103112170000000000000000000000000000000000000000100004728238768MARIA JOSE ILARIO MANGUEIRA             ESTRADA DA AGUA BRANCA, 2160            REALENGO - R21730000RIO DE JANEIRO RJUNIAO UMB DOS CULTOS AFRO BRAS    31121710 000057
9                                                                                                                                                                                                                                                                                                                                                                                                         000058
