01REMESSA01COBRANCA       916200163100        União Umb dos Cultos Afro Bra341BANCO ITAU SA  200618                                                                                                                                                                                                                                                                                                      000001
10231987175000168916200163100    000020884                    000208840000000000000109                     I0220884     30071800000000035003410000017N100518104700000000000103007180000000000000000000000000000000000000000100023544120704ELIAS DA SILVA FILHO                    TRAVESSA SANTA RITA, 518                ROCHA - SAO 24420450SAO GONCALO    RJUNIAO UMB DOS CULTOS AFRO BRAS    30071810 000002
10231987175000168916200163100    000020883                    000208830000000000000109                     I0220883     30071800000000035003410000017N100518104700000000000103007180000000000000000000000000000000000000000100023544120704ELIAS DA SILVA FILHO                    TRAVESSA SANTA RITA, 518                ROCHA - SAO 24420450SAO GONCALO    RJUNIAO UMB DOS CULTOS AFRO BRAS    30071810 000003
10231987175000168916200163100    000020284                    000202840000000000000109                     I0220284     30081800000000035003410000017N070518104700000000000103008180000000000000000000000000000000000000000100007702148780MARCO AURELIO DO NASCIMENTO AL          RUA: RIBEIRO DE ANDRADE                 BANGU       21860190RIO DE JANEIRO RJUNIAO UMB DOS CULTOS AFRO BRAS    30081810 000004
10231987175000168916200163100    000020134                    000201340000000000000109                     I0220134     30081800000000035003410000017N070518104700000000000103008180000000000000000000000000000000000000000100000152452338DANIELA DE FATIMA SOARES                RUA: MARIA ROSA                         PADRE MIGUEL20740460RIO DE JANEIRO RJUNIAO UMB DOS CULTOS AFRO BRAS    30081810 000005
10231987175000168916200163100    000019643                    000196430000000000000109                     I0219643     30081800000000035003410000017N070518104700000000000103008180000000000000000000000000000000000000000100025969153753MARIA EUNICE FRUCTUOSO MIGUEL           RUA: VIRGEM PEREGRINA                   PIEDADE     21381070RIO DE JANEIRO RJUNIAO UMB DOS CULTOS AFRO BRAS    30081810 000006
10231987175000168916200163100    000019636                    000196360000000000000109                     I0219636     30081800000000035003410000017N070518104700000000000103008180000000000000000000000000000000000000000100009116311787ETELVINA SOUZA DUARTE                   RUA DUBLIN                              PARQUE PAULI25261380RIO DE JANEIRO RJUNIAO UMB DOS CULTOS AFRO BRAS    30081810 000007
10231987175000168916200163100    000019519                    000195190000000000000109                     I0219519     30081800000000035003410000017N070518104700000000000103008180000000000000000000000000000000000000000100007768611748SOLANGE MENDES DA SILVA                 RUA AFONSO CELSO DONELA                 REALENGO    21745630RIO DE JANEIRO RJUNIAO UMB DOS CULTOS AFRO BRAS    30081810 000008
10231987175000168916200163100    000019289                    000192890000000000000109                     I0219289     30081800000000035003410000017N070518104700000000000103008180000000000000000000000000000000000000000100060946563772FLORIPEDES MADUREIRA SIQUEIRA           AVENIDA PARAIBA, 210                    DOM BOSCO - 27286000VOLTA REDONDA  RJUNIAO UMB DOS CULTOS AFRO BRAS    30081810 000009
10231987175000168916200163100    000018564                    000185640000000000000109                     I0218564     30071800000000035003410000017N070518104700000000000103007180000000000000000000000000000000000000000100000152452338DANIELA DE FATIMA SOARES                RUA: MARIA ROSA                         PADRE MIGUEL20740460RIO DE JANEIRO RJUNIAO UMB DOS CULTOS AFRO BRAS    30071810 000010
10231987175000168916200163100    000018218                    000182180000000000000109                     I3418218     30071800000000035003410000017N070518104700000000000103007180000000000000000000000000000000000000000100070614628768CREUZA GOMES DA ROCHA                   RUA ITAPERA, 286 BLOCO 31 APTO 102      VISTA ALEGRE21230500RIO DE JANEIRO RJUNIAO UMB DOS CULTOS AFRO BRAS    30071810 000011
10231987175000168916200163100    000018073                    000180730000000000000109                     I0218073     30071800000000035003410000017N070518104700000000000103007180000000000000000000000000000000000000000100025969153753MARIA EUNICE FRUCTUOSO MIGUEL           RUA: VIRGEM PEREGRINA                   PIEDADE     21381070RIO DE JANEIRO RJUNIAO UMB DOS CULTOS AFRO BRAS    30071810 000012
10231987175000168916200163100    000018066                    000180660000000000000109                     I0218066     30071800000000035003410000017N070518104700000000000103007180000000000000000000000000000000000000000100009116311787ETELVINA SOUZA DUARTE                   RUA DUBLIN                              PARQUE PAULI25261380RIO DE JANEIRO RJUNIAO UMB DOS CULTOS AFRO BRAS    30071810 000013
10231987175000168916200163100    000017949                    000179490000000000000109                     I0217949     30071800000000035003410000017N070518104700000000000103007180000000000000000000000000000000000000000100007768611748SOLANGE MENDES DA SILVA                 RUA AFONSO CELSO DONELA                 REALENGO    21745630RIO DE JANEIRO RJUNIAO UMB DOS CULTOS AFRO BRAS    30071810 000014
10231987175000168916200163100    000017719                    000177190000000000000109                     I0217719     30071800000000035003410000017N070518104700000000000103007180000000000000000000000000000000000000000100060946563772FLORIPEDES MADUREIRA SIQUEIRA           AVENIDA PARAIBA, 210                    DOM BOSCO - 27286000VOLTA REDONDA  RJUNIAO UMB DOS CULTOS AFRO BRAS    30071810 000015
10231987175000168916200163100    000017701                    000177010000000000000109                     I3417701     30071800000000035003410000017N070518104700000000000103007180000000000000000000000000000000000000000100010518288722RODRIGO JOSE ABREU DOS SANTOS           RUA MARAVILHA                           BANGU       20720012RIO DE JANEIRO RJUNIAO UMB DOS CULTOS AFRO BRAS    30071810 000016
10231987175000168916200163100    000015374                    000153740000000000000109                     I0215374     30061800000000035003410000017N070518104700000000000103006180000000000000000000000000000000000000000100000152452338DANIELA DE FATIMA SOARES                RUA: MARIA ROSA                         PADRE MIGUEL20740460RIO DE JANEIRO RJUNIAO UMB DOS CULTOS AFRO BRAS    30061810 000017
10231987175000168916200163100    000015029                    000150290000000000000109                     I3415029     30061800000000035003410000017N070518104700000000000103006180000000000000000000000000000000000000000100070614628768CREUZA GOMES DA ROCHA                   RUA ITAPERA, 286 BLOCO 31 APTO 102      VISTA ALEGRE21230500RIO DE JANEIRO RJUNIAO UMB DOS CULTOS AFRO BRAS    30061810 000018
10231987175000168916200163100    000014884                    000148840000000000000109                     I0214884     30061800000000035003410000017N070518104700000000000103006180000000000000000000000000000000000000000100025969153753MARIA EUNICE FRUCTUOSO MIGUEL           RUA: VIRGEM PEREGRINA                   PIEDADE     21381070RIO DE JANEIRO RJUNIAO UMB DOS CULTOS AFRO BRAS    30061810 000019
10231987175000168916200163100    000014877                    000148770000000000000109                     I0214877     30061800000000035003410000017N070518104700000000000103006180000000000000000000000000000000000000000100009116311787ETELVINA SOUZA DUARTE                   RUA DUBLIN                              PARQUE PAULI25261380RIO DE JANEIRO RJUNIAO UMB DOS CULTOS AFRO BRAS    30061810 000020
10231987175000168916200163100    000014760                    000147600000000000000109                     I0214760     30061800000000035003410000017N070518104700000000000103006180000000000000000000000000000000000000000100007768611748SOLANGE MENDES DA SILVA                 RUA AFONSO CELSO DONELA                 REALENGO    21745630RIO DE JANEIRO RJUNIAO UMB DOS CULTOS AFRO BRAS    30061810 000021
10231987175000168916200163100    000014568                    000145680000000000000109                     I3414568     30061800000000035003410000017N070518104700000000000103006180000000000000000000000000000000000000000100043082033768LEILA RAMOS DE OLIVEIRA                 RUA CAPIBARIBE, 361                     CABUCU - NOV26346290NOVA IGUACU    RJUNIAO UMB DOS CULTOS AFRO BRAS    30061810 000022
10231987175000168916200163100    000014530                    000145300000000000000109                     I0214530     30061800000000035003410000017N070518104700000000000103006180000000000000000000000000000000000000000100060946563772FLORIPEDES MADUREIRA SIQUEIRA           AVENIDA PARAIBA, 210                    DOM BOSCO - 27286000VOLTA REDONDA  RJUNIAO UMB DOS CULTOS AFRO BRAS    30061810 000023
10231987175000168916200163100    000014273                    000142730000000000000109                     I0214273     05041800000000105003410000017N280318104700000000000100504180000000000000000000000000000000000000000100028031342768ODILA RIBEIRO MARTINS                   O MESMO                                 O MESMO     25560490SAO JOAO DE MERRJUNIAO UMB DOS CULTOS AFRO BRAS    05041810 000024
10231987175000168916200163100    000014239                    000142390000000000000109                     I0214239     23031800000000210003410000017N160318104700000000000102303180000000000000000000000000000000000000000100007476149739JAQUELINE DE ASSIS                      RUA: MIGUEL DE CARVALHO Nº 171         GUARATIBA - 23035640RIO DE JANEIRO RJUNIAO UMB DOS CULTOS AFRO BRAS    23031810 000025
10231987175000168916200163100    000014227                    000142270000000000000109                     I0214227     20031800000000340003410000017N150318104700000000000102003180000000000000000000000000000000000000000100010765062755IVONE JOAO PEDRO                        RUA MARMIARI                            SENADOR CAMA21831000RIO DE JANEIRO RJUNIAO UMB DOS CULTOS AFRO BRAS    20031810 000026
10231987175000168916200163100    000014197                    000141970000000000000109                     I0214197     30031800000000035003410000017N120318104700000000000103003180000000000000000000000000000000000000000100002161361724ELISANGELA VIRGINIA CARVALHO A          RUA MARIA BENJAMIN N 391 CASA 1         PILARES - RI20950360RIO DE JANEIRO RJUNIAO UMB DOS CULTOS AFRO BRAS    30031810 000027
10231987175000168916200163100    000014191                    000141910000000000000109                     I0214191     30031800000000455003410000017N080318104700000000000103003180000000000000000000000000000000000000000100090148126715ROSANGELA RAMALHEIRA TEIXEIRA           RUA: LL                                 JARDIM ANHAN25264690XEREM          RJUNIAO UMB DOS CULTOS AFRO BRAS    30031810 000028
10231987175000168916200163100    000014178                    000141780000000000000109                     I0214178     07031800000000070003410000017N060318104700000000000100703180000000000000000000000000000000000000000100069279500791CLAUDIA ALONSO RODRIGUES                ESTRADA DO PAU FERRO N 851              FREGUESIA - 22745055RIO DE JANEIRO RJUNIAO UMB DOS CULTOS AFRO BRAS    07031810 000029
10231987175000168916200163100    000014157                    000141570000000000000109                     I0214157     30031800000000040003410000017N050318104700000000000103003180000000000000000000000000000000000000000100094635650782ALFREDO DOMINGOS HAFNER                 RUA: DONA EMILIA                        PIABETA     25931606MAGE           RJUNIAO UMB DOS CULTOS AFRO BRAS    30031810 000030
10231987175000168916200163100    000014149                    000141490000000000000109                     I0214149     30031800000000035003410000017N010318104700000000000103003180000000000000000000000000000000000000000100058756280734SANDRA REGINA DA CONCEICAO              RUA BUENOS AIRES                        JARDIM PERNA26275390NOVA IGUACU    RJUNIAO UMB DOS CULTOS AFRO BRAS    30031810 000031
10231987175000168916200163100    000014142                    000141420000000000000109                     I0214142     30031800000000070003410000017N010318104700000000000103003180000000000000000000000000000000000000000100047585978715HARILDO FRANCISCO DOS SANTOS            RUA:JOSE PINTO DE MACEDO-TRAV.TODOS OS PARRAIAL DO C28930000ARRAIAL DO CABORJUNIAO UMB DOS CULTOS AFRO BRAS    30031810 000032
10231987175000168916200163100    000014103                    000141030000000000000109                     I0214103     10041800000000350003410000017N270218104700000000000101004180000000000000000000000000000000000000000200000000001238MARCOS AURELIO WOLF GARCIA              RUA: PROFESSORA CARMELITA MARTINS Nº 21PRACA SECA -21321220RIO DE JANEIRO RJUNIAO UMB DOS CULTOS AFRO BRAS    10041810 000033
10231987175000168916200163100    000014093                    000140930000000000000109                     I0214093     10041800000000350003410000017N270218104700000000000101004180000000000000000000000000000000000000000100061185841768ELIZABETH CATARINA DE JESUS             RUA ALMIRANTE INGRA, 700                BRAS DE PINA21210170RIO DE JANEIRO RJUNIAO UMB DOS CULTOS AFRO BRAS    10041810 000034
10231987175000168916200163100    000014091                    000140910000000000000109                     I0214091     10041800000000350003410000017N270218104700000000000101004180000000000000000000000000000000000000000100007742829754CARLOS ANDERSON DA SILVA DIAS           RUA COSMORAMA, 700 COMPL. CAMELIA 120   MESQUITA - R26582020RIO DE JANEIRO RJUNIAO UMB DOS CULTOS AFRO BRAS    10041810 000035
10231987175000168916200163100    000014087                    000140870000000000000109                     I0214087     30031800000000035003410000017N270218104700000000000103003180000000000000000000000000000000000000000100007726251743ROSANGELA IZAURINA DOS SANTOS           RUA ENEIAS N 60                         LAGOINHA - N26296552NOVA IGUACU    RJUNIAO UMB DOS CULTOS AFRO BRAS    30031810 000036
10231987175000168916200163100    000014071                    000140710000000000000109                     I0214071     30031800000000035003410000017N260218104700000000000103003180000000000000000000000000000000000000000100015903167896PRISCILA APARECIDA SERRANO CLE          MESMO                                   MESMO       02251010SAO PAULO      SPUNIAO UMB DOS CULTOS AFRO BRAS    30031810 000037
10231987175000168916200163100    000014062                    000140620000000000000109                     I0214062     05031800000000025003410000017N260218104700000000000100503180000000000000000000000000000000000000000100052329160363NENI GOMES DE ALMEIDA                   RUA MARIA SANTANA FERNANDES, LOTE 8 QUADJARDIM ACACI23845250SEROPEDICA     RJUNIAO UMB DOS CULTOS AFRO BRAS    05031810 000038
10231987175000168916200163100    000014061                    000140610000000000000109                     I0214061     05031800000000070003410000017N260218104700000000000100503180000000000000000000000000000000000000000100050942490763ANTONIO PAULO TRABACHINI                RUA DO CATETE, 347 LOJA 8               CATETE      22271100RIO DE JANEIRO RJUNIAO UMB DOS CULTOS AFRO BRAS    05031810 000039
10231987175000168916200163100    000014057                    000140570000000000000109                     I0214057     30031800000000035003410000017N260218104700000000000103003180000000000000000000000000000000000000000100013911839758EDSON SILVA DOS SANTOS                  RUA WALDOMIRO JOSE PEREIRA              HELIOPOLIS -26125500BELFORD ROXO   RJUNIAO UMB DOS CULTOS AFRO BRAS    30031810 000040
10231987175000168916200163100    000014035                    000140350000000000000109                     I0214035     30031800000000035003410000017N260218104700000000000103003180000000000000000000000000000000000000000100072962771734MARCIA CARNAVAL                         RUA AJAPI, 580 CASA 2                   COSMOS - RIO23066420RIO DE JANEIRO RJUNIAO UMB DOS CULTOS AFRO BRAS    30031810 000041
10231987175000168916200163100    000014032                    000140320000000000000109                     I0214032     30031800000000035003410000017N260218104700000000000103003180000000000000000000000000000000000000000200000000012567FLAVIA DE CARVALHO TORRES               RUA Z N 22                              SANTA TEREZA20251600RIO DE JANEIRO RJUNIAO UMB DOS CULTOS AFRO BRAS    30031810 000042
10231987175000168916200163100    000014026                    000140260000000000000109                     I0214026     30031800000000035003410000017N230218104700000000000103003180000000000000000000000000000000000000000100097129461772ROSINEIDE BARBOSA DA SILVA              RUA: ADILSON FERREIRA LOTE 10 - VILA MAGPIABETA - MA24210205MAGE           RJUNIAO UMB DOS CULTOS AFRO BRAS    30031810 000043
10231987175000168916200163100    000014023                    000140230000000000000109                     I0214023     30031800000000035003410000017N230218104700000000000103003180000000000000000000000000000000000000000100000858723778GEOVANI FERNANDA DA SILVA               RUA SOFIA BARRETO                       VITOR DUMAS 23550700RIO DE JANEIRO RJUNIAO UMB DOS CULTOS AFRO BRAS    30031810 000044
10231987175000168916200163100    000014005                    000140050000000000000109                     I0214005     30031800000000035003410000017N230218104700000000000103003180000000000000000000000000000000000000000100074190741787JOSE ITAGIBA RODRIGUES                  TRAVESSA SANTA ROSA, LOTE 35            CAPELA - MAG25916060MAGE           RJUNIAO UMB DOS CULTOS AFRO BRAS    30031810 000045
10231987175000168916200163100    000014003                    000140030000000000000109                     I0214003     10031800000000350003410000017N230218104700000000000101003180000000000000000000000000000000000000000100064392791734ORDALINA PEDROZO TOMAZ DE AQUI          RUA ABEL DE ALVARENGA                   CHATUBA     26246340MESQUITA       RJUNIAO UMB DOS CULTOS AFRO BRAS    10031810 000046
10231987175000168916200163100    000013992                    000139920000000000000109                     I0213992     30031800000000035003410000017N220218104700000000000103003180000000000000000000000000000000000000000100063705630725JOSE ANTONIO SOARES PENEDO              RUA MANUEL DA SILVA, LOTE 23 E 24 QUADRAIRAJA - RJ  21235210RIO DE JANEIRO RJUNIAO UMB DOS CULTOS AFRO BRAS    30031810 000047
10231987175000168916200163100    000013987                    000139870000000000000109                     I0213987     15031800000000150003410000017N220218104700000000000101503180000000000000000000000000000000000000000100085181390749ALMIR DE MACEDO MATTOSO                 RUA DOMINGOS DE MAGALHAES 1374 CASA 1   MARIA DA GRA20785351RIO DE JANEIRO RJUNIAO UMB DOS CULTOS AFRO BRAS    15031810 000048
10231987175000168916200163100    000013980                    000139800000000000000109                     I0213980     30031800000000035003410000017N220218104700000000000103003180000000000000000000000000000000000000000100007128617779NEIDE TELES DO NASCIMENTO               RUA: ARACA Nº 541                      RICARDO DE A21620050RIO DE JANEIRO RJUNIAO UMB DOS CULTOS AFRO BRAS    30031810 000049
10231987175000168916200163100    000013974                    000139740000000000000109                     I0213974     30031800000000035003410000017N220218104700000000000103003180000000000000000000000000000000000000000100080236499734REGINALDO VIEIRA CAPTIVO                RUA: DOUTOR NUNES N° 1099 FUNDOS       OLARIA - RIO21021370RIO DE JANEIRO RJUNIAO UMB DOS CULTOS AFRO BRAS    30031810 000050
10231987175000168916200163100    000013968                    000139680000000000000109                     I0213968     09041800000000400003410000017N210218104700000000000100904180000000000000000000000000000000000000000100001346507783ANDREIA FERREIRA E CUNHA                RUA TIRADENTES N 465 CASA 4             CONFIDENCIA 26323260NOVA IGUACU    RJUNIAO UMB DOS CULTOS AFRO BRAS    09041810 000051
10231987175000168916200163100    000013963                    000139630000000000000109                     I0213963     30031800000000210003410000017N210218104700000000000103003180000000000000000000000000000000000000000100002053662794JOSE DE MELLO FILHO                     O MESMO                                 O MESMO     21235510RIO DE JANEIRO RJUNIAO UMB DOS CULTOS AFRO BRAS    30031810 000052
10231987175000168916200163100    000013962                    000139620000000000000109                     I0213962     30031800000000665003410000017N210218104700000000000103003180000000000000000000000000000000000000000200000000005559OLIMPIA SOARES DE ARAUJO                RUA DEZ, LOTE 46 QUADRA 12 - SANTA MARGACOSMOS - RIO23067010RIO DE JANEIRO RJUNIAO UMB DOS CULTOS AFRO BRAS    30031810 000053
10231987175000168916200163100    000013961                    000139610000000000000109                     I0213961     30031800000000420003410000017N210218104700000000000103003180000000000000000000000000000000000000000200000000007042CARLINDA ELIANE NUNES                   O MESMO                                 O MESMO     25015540DUQUE DE CAXIASRJUNIAO UMB DOS CULTOS AFRO BRAS    30031810 000054
10231987175000168916200163100    000013960                    000139600000000000000109                     I0213960     30031800000000385003410000017N210218104700000000000103003180000000000000000000000000000000000000000100003028407701MARIA MARINETE OLIVEIRA  DA SI          RUA TURIUVA LOTE 40 QUADRA 54           VILA MELIPOL26150000BELFORD ROXO   RJUNIAO UMB DOS CULTOS AFRO BRAS    30031810 000055
10231987175000168916200163100    000013958                    000139580000000000000109                     I0213958     30031800000000385003410000017N210218104700000000000103003180000000000000000000000000000000000000000100000559151756HENIE DA SILVA ALENCAR                  RUA ROBERTO CALDAS                      PARQUE FLUMI26187400BELFORD ROXO   RJUNIAO UMB DOS CULTOS AFRO BRAS    30031810 000056
10231987175000168916200163100    000013957                    000139570000000000000109                     I0213957     30031800000000140003410000017N210218104700000000000103003180000000000000000000000000000000000000000100007965581752ALINE SANT ANNA ALVES                   RUA PROFESSORA MARLI CARVALHO PEREIRA   MIGUEL COUTO26070452NOVA IGUACU    RJUNIAO UMB DOS CULTOS AFRO BRAS    30031810 000057
10231987175000168916200163100    000013956                    000139560000000000000109                     I0213956     30031800000000315003410000017N210218104700000000000103003180000000000000000000000000000000000000000100070217491715HELENO FERNANDES DE SOUZA               ESTRADA JORNALISTA JOSE GUINA, 86       COSMOS - RIO23060270RIO DE JANEIRO RJUNIAO UMB DOS CULTOS AFRO BRAS    30031810 000058
10231987175000168916200163100    000013955                    000139550000000000000109                     I0213955     30031800000000210003410000017N210218104700000000000103003180000000000000000000000000000000000000000100004245613793MARIA ELENA DA SILVA SANTOS             AVENIDA ENGENHEIRO SOUSA FILHO, 1176 CASITANHANGA - 22753053RIO DE JANEIRO RJUNIAO UMB DOS CULTOS AFRO BRAS    30031810 000059
10231987175000168916200163100    000013954                    000139540000000000000109                     I0213954     30031800000000490003410000017N210218104700000000000103003180000000000000000000000000000000000000000100008098163776LUIS CARLOS DA ROCHA MARTINS            RUA CORONEL TITO PORTO CARREIRO, 17     PACIENCIA - 23580010RIO DE JANEIRO RJUNIAO UMB DOS CULTOS AFRO BRAS    30031810 000060
10231987175000168916200163100    000013953                    000139530000000000000109                     I0213953     30031800000000420003410000017N210218104700000000000103003180000000000000000000000000000000000000000100075310112715MAMEDE DA SILVA ANDRADE                 RUA FISCAL JOSE FIGUEIRA, 222           SANTO ANTONI27115120BARRA DO PIRAI RJUNIAO UMB DOS CULTOS AFRO BRAS    30031810 000061
10231987175000168916200163100    000013952                    000139520000000000000109                     I0213952     30031800000000035003410000017N210218104700000000000103003180000000000000000000000000000000000000000100071012443787MARIA LUIZA DE SOUZA MARCAL DE          RUA CORONEL BATISTA DA SILVA, 148       MORIM - PETR25630000PETROPOLIS     RJUNIAO UMB DOS CULTOS AFRO BRAS    30031810 000062
10231987175000168916200163100    000013949                    000139490000000000000109                     I0213949     30031800000000140003410000017N210218104700000000000103003180000000000000000000000000000000000000000100009770274739DOUGLAS PACHECO PINHEIRO                RUA PROFESSOR ALFREDO GOMES, 43         MANOEL REIS 26515820BELFORD ROXO   RJUNIAO UMB DOS CULTOS AFRO BRAS    30031810 000063
10231987175000168916200163100    000013948                    000139480000000000000109                     I0213948     30031800000000140003410000017N210218104700000000000103003180000000000000000000000000000000000000000100097402508749MARIA DE OLIVEIRA SOUZA SAMPAI          RUA PROJETADA A, 47                     JARDIM NOVA 25000000DUQUE DE CAXIASRJUNIAO UMB DOS CULTOS AFRO BRAS    30031810 000064
10231987175000168916200163100    000013946                    000139460000000000000109                     I0213946     30031800000000315003410000017N210218104700000000000103003180000000000000000000000000000000000000000200000000012538TATIANA DA SILVA SANTOS                 RUA IRACEMA,  176                       VILA DE CAVA25065655NOVA IGUACU    RJUNIAO UMB DOS CULTOS AFRO BRAS    30031810 000065
10231987175000168916200163100    000013945                    000139450000000000000109                     I0213945     30031800000000035003410000017N210218104700000000000103003180000000000000000000000000000000000000000100005828675761THAYS DE FATIMA FERREIRA GOMES          ESTRADA GENERAL AFONSO DE CARVALHO N 989PADRE MIGUEL21725020RIO DE JANEIRO RJUNIAO UMB DOS CULTOS AFRO BRAS    30031810 000066
10231987175000168916200163100    000013944                    000139440000000000000109                     I0213944     30031800000000035003410000017N210218104700000000000103003180000000000000000000000000000000000000000100090617249744RAQUEL DA PAZ                           RUA ITABIBOCA LOTE 10 QUADRA 342 (ANTIGAPARADA MORAB25265188DUQUE DE CAXIASRJUNIAO UMB DOS CULTOS AFRO BRAS    30031810 000067
10231987175000168916200163100    000013943                    000139430000000000000109                     I0213943     30031800000000035003410000017N210218104700000000000103003180000000000000000000000000000000000000000100003836060710SANDRA VIEIRA DA SILVA TEIXEIR          RUA REDENTOR SN  LOTE 33 QUADRA 12      JARDIM REDEN26110090BELFORD ROXO   RJUNIAO UMB DOS CULTOS AFRO BRAS    30031810 000068
10231987175000168916200163100    000013942                    000139420000000000000109                     I0213942     30031800000000035003410000017N210218104700000000000103003180000000000000000000000000000000000000000100010456888780TIAGO PINTO ESPOSTI                     RUA ROSSINA FREITAS MEDEIROS N 38       PARQUE AEROP27963672MACAE          RJUNIAO UMB DOS CULTOS AFRO BRAS    30031810 000069
10231987175000168916200163100    00009101                     000091010000000000000109                     I029101      28021800000000070003410000017N080218104700000000000102802180000000000000000000000000000000000000000100001295514737DANUZA JEREMIAS DA SILVA                RUA JOAQUIM RAFAEL, 957                 COELHO - SAO24740020SAO GONCALO    RJUNIAO UMB DOS CULTOS AFRO BRAS    28021810 000070
10231987175000168916200163100    00009099                     000090990000000000000109                     I029099      28021800000000245003410000017N070218104700000000000102802180000000000000000000000000000000000000000200000000006579LUIZ CLAUDIO BATISTA REIS               O MESMO                                 O MESMO     24315384NITEROI        RJUNIAO UMB DOS CULTOS AFRO BRAS    28021810 000071
10231987175000168916200163100    00009061                     000090610000000000000109                     I029061      28021800000000035003410000017N230118104700000000000102802180000000000000000000000000000000000000000100009963194761FERNANDO PECANHA PIRES                  RUA GENERAL BASILIO                     TABORDA     28680000CACHOEIRA DE MARJUNIAO UMB DOS CULTOS AFRO BRAS    28021810 000072
10231987175000168916200163100    00009060                     000090600000000000000109                     I029060      28021800000000040003410000017N230118104700000000000102802180000000000000000000000000000000000000000100005234258726LUANNA RODRIGUES NASCIMENTO LO          RUA SETE SN                             VALERIO     28680000CACHOEIRA DE MARJUNIAO UMB DOS CULTOS AFRO BRAS    28021810 000073
10231987175000168916200163100    00009059                     000090590000000000000109                     I029059      28021800000000040003410000017N230118104700000000000102802180000000000000000000000000000000000000000100005770480742NARAYAMA MARTINS RODRIGUES LOU          RUA NABYCALIFA                          TABORDA     28680000CACHOEIRA DE MARJUNIAO UMB DOS CULTOS AFRO BRAS    28021810 000074
10231987175000168916200163100    00009056                     000090560000000000000109                     I029056      28021800000000035003410000017N230118104700000000000102802180000000000000000000000000000000000000000100043076327704MARIA AMELIA RIBEIRO                    RUA: GENTIL DE ALMEIDA                  HONORIO GURG21511110RIO DE JANEIRO RJUNIAO UMB DOS CULTOS AFRO BRAS    28021810 000075
10231987175000168916200163100    00009026                     000090260000000000000109                     I029026      28021800000000035003410000017N120118104700000000000102802180000000000000000000000000000000000000000100005137259705CRISTINA DE OLIVEIRA DA SILVA           AVENIDA CAMPO MOURAO SN APARTAMENTO 102 JARDIM MARAV23031080CAMPO GRANDE   RJUNIAO UMB DOS CULTOS AFRO BRAS    28021810 000076
10231987175000168916200163100    00009007                     000090070000000000000109                     I029007      28021800000000035003410000017N090118104700000000000102802180000000000000000000000000000000000000000100004275325745MAIKE OLIVEIRA DA COSTA                 TRAVESSA: MARTA DA ROCHA                ABOLICAO    20755030RIO DE JANEIRO RJUNIAO UMB DOS CULTOS AFRO BRAS    28021810 000077
10231987175000168916200163100    00008992                     000089920000000000000109                     I028992      28021800000000035003410000017N080118104700000000000102802180000000000000000000000000000000000000000100048623334787IOLANDA JOSE PROFIRIO BARRETO           RUA TRES Nº 102                        VILA DO SOL 28900000CABO FRIO      RJUNIAO UMB DOS CULTOS AFRO BRAS    28021810 000078
10231987175000168916200163100    00008981                     000089810000000000000109                     I028981      28021800000000035003410000017N030118104700000000000102802180000000000000000000000000000000000000000100085773760797EDIR FERREIRA DA SILVA                  RUA DESEMBARGADOR FERREIRA PINTO, LOTE 3VALVERDE - N26291078NOVA IGUACU    RJUNIAO UMB DOS CULTOS AFRO BRAS    28021810 000079
10231987175000168916200163100    00008979                     000089790000000000000109                     I028979      28021800000000035003410000017N030118104700000000000102802180000000000000000000000000000000000000000100006264292770MARIZIA SILVA MATHIAS                   RUA SHOYO, 129                          PARAISO - NO26297117NOVA IGUACU    RJUNIAO UMB DOS CULTOS AFRO BRAS    28021810 000080
10231987175000168916200163100    00008975                     000089750000000000000109                     I028975      28021800000000035003410000017N030118104700000000000102802180000000000000000000000000000000000000000100002558274740RITA DE CASSIA BRITO DE SOUZA           RUA HOMERO PINTO CAPUTO, 90 CASA 102    BANGU - RIO 21863080RIO DE JANEIRO RJUNIAO UMB DOS CULTOS AFRO BRAS    28021810 000081
10231987175000168916200163100    00008973                     000089730000000000000109                     I028973      28021800000000035003410000017N030118104700000000000102802180000000000000000000000000000000000000000100014708764774ADILSON CARNEIRO PINTO                  R JUREMA 49                             GUARATIBA   23035380RIO DE JANEIRO RJUNIAO UMB DOS CULTOS AFRO BRAS    28021810 000082
10231987175000168916200163100    00008971                     000089710000000000000109                     I028971      28021800000000035003410000017N030118104700000000000102802180000000000000000000000000000000000000000100000879400781DEBORA NANCY DA SILVA COELHO            RUA: OSCAR Nº 36 - MIGUEL COUTO        NOVA IGUACU 26145210NOVA IGUACU    RJUNIAO UMB DOS CULTOS AFRO BRAS    28021810 000083
10231987175000168916200163100    00008969                     000089690000000000000109                     I028969      28021800000000035003410000017N030118104700000000000102802180000000000000000000000000000000000000000100002330426798MARIA ALVES FERREIRA                    LOTE 1 CASA 1                           COMENDADOR S26280700RIO DE JANEIRO RJUNIAO UMB DOS CULTOS AFRO BRAS    28021810 000084
10231987175000168916200163100    00008967                     000089670000000000000109                     I028967      28021800000000035003410000017N030118104700000000000102802180000000000000000000000000000000000000000100073887145704MARIA LUCIA APOLINARIO                  RUA AMERICO DA ROCHA N 779 CASA 1 FUNDOSMARECHAL HER21555300RIO DE JANEIRO RJUNIAO UMB DOS CULTOS AFRO BRAS    28021810 000085
10231987175000168916200163100    00008965                     000089650000000000000109                     I028965      28021800000000035003410000017N030118104700000000000102802180000000000000000000000000000000000000000100045469805720NIVALDA MARIA FERREIRA                  RUA LASSANCE LOTE 14 QUADRA 9           JARDIM MARAV23033100CAMPO GRANDE   RJUNIAO UMB DOS CULTOS AFRO BRAS    28021810 000086
10231987175000168916200163100    00008963                     000089630000000000000109                     I028963      28021800000000035003410000017N030118104700000000000102802180000000000000000000000000000000000000000100058500120797CIRLEA SALDANHA DA COSTA                RUA: CARAMURU                           PRACA DA BAN25560110SAO JOAO DE MERRJUNIAO UMB DOS CULTOS AFRO BRAS    28021810 000087
10231987175000168916200163100    00008961                     000089610000000000000109                     I028961      28021800000000035003410000017N030118104700000000000102802180000000000000000000000000000000000000000100033565708700MARLY DA SILVA UCHOA                    AVENIDA MINISTRO EDGARD ROMERO, 597 CASAMADUREIRA - 21360200RIO DE JANEIRO RJUNIAO UMB DOS CULTOS AFRO BRAS    28021810 000088
10231987175000168916200163100    00008955                     000089550000000000000109                     I028955      28021800000000035003410000017N030118104700000000000102802180000000000000000000000000000000000000000200000000000302MARIA DA LUZ MAGALHAES                  RUA JOSE FERREIRA MURRO, 20             MIGUEL COUTO26070527NOVA IGUACU    RJUNIAO UMB DOS CULTOS AFRO BRAS    28021810 000089
10231987175000168916200163100    00008781                     000087810000000000000109                     I028781      30031800000000035003410000017N020118104700000000000103003180000000000000000000000000000000000000000100098630164700LEILA DE JESUS FREIRE                   RUA JABUTICABEIRA, 52 CASA 1            SENADOR CAMA23010450RIO DE JANEIRO RJUNIAO UMB DOS CULTOS AFRO BRAS    30031810 000090
10231987175000168916200163100    00008510                     000085100000000000000109                     I028510      31011800000000035003410000017N020118104700000000000103101180000000000000000000000000000000000000000100082351376749ALDA LUCIA DA SILVA                     RUA ANTONIO MARINS DE OLIVEIRA, 479     SAO MATEUS -25530000SAO JOAO DE MERRJUNIAO UMB DOS CULTOS AFRO BRAS    31011810 000091
10231987175000168916200163100    00008496                     000084960000000000000109                     I028496      28021800000000035003410000017N020118104700000000000102802180000000000000000000000000000000000000000100054101778787ROSARIA MARIA DAS CHAGAS DA SI          RUA DA AERONAUTICA, 61                  SENADOR CAMA21831410RIO DE JANEIRO RJUNIAO UMB DOS CULTOS AFRO BRAS    28021810 000092
10231987175000168916200163100    00004476                     000044760000000000000109                     I024476      28021800000000350003410000017N171117104700000000000102802180000000000000000000000000000000000000000100013791358774TEREZINHA MENDONCA CORDEIRO             RUA SUEZ N 171                          JARDIM GUAND26298180NOVA IGUACU    RJUNIAO UMB DOS CULTOS AFRO BRAS    28021810 000093
9                                                                                                                                                                                                                                                                                                                                                                                                         000094
