01REMESSA01COBRANCA       817800093673        União Umb dos Cultos Afro Bra341BANCO ITAU SA  200318                                                                                                                                                                                                                                                                                                      000001
10231987175000168817800093673    000014253                    000142530000000000000109                     I0114253     30031800000000035003410000017N200318104700000000000103003180000000000000000000000000000000000000000100082272964753ALBANO TEIXEIRA NOVAES FILHO            O MESMO                                 O MESMO     26265550NOVA IGUACU    RJUNIAO UMB DOS CULTOS AFRO BRAS    30031810 000002
10231987175000168817800093673    000014252                    000142520000000000000109                     I0114252     30051800000000035003410000017N200318104700000000000103005180000000000000000000000000000000000000000100002176741781SUSI DE OLIVEIRA LOUREIRO               AVENIDA VICENTE DE CARVALHO             VICENTE DE C21371148RIO DE JANEIRO RJUNIAO UMB DOS CULTOS AFRO BRAS    30051810 000003
10231987175000168817800093673    000014251                    000142510000000000000109                     I0114251     30041800000000035003410000017N200318104700000000000103004180000000000000000000000000000000000000000100002176741781SUSI DE OLIVEIRA LOUREIRO               AVENIDA VICENTE DE CARVALHO             VICENTE DE C21371148RIO DE JANEIRO RJUNIAO UMB DOS CULTOS AFRO BRAS    30041810 000004
10231987175000168817800093673    000014250                    000142500000000000000109                     I0214250     30041800000000035003410000017N200318104700000000000103004180000000000000000000000000000000000000000100093372302753MARCIO LUIZ SILVESTRE                   RUA CANDIDO MARIANO, 226                JARDIM NOVA 26266080NOVA IGUACU    RJUNIAO UMB DOS CULTOS AFRO BRAS    30041810 000005
10231987175000168817800093673    000014249                    000142490000000000000109                     I0114249     30051800000000035003410000017N200318104700000000000103005180000000000000000000000000000000000000000100095846190715ANA MARIA NICANOR DE QUADRO             RUA: PASSO FUNDO                        JARDIM GUAND26298189NOVA IGUACU    RJUNIAO UMB DOS CULTOS AFRO BRAS    30051810 000006
10231987175000168817800093673    000014248                    000142480000000000000109                     I0114248     30041800000000035003410000017N200318104700000000000103004180000000000000000000000000000000000000000100095846190715ANA MARIA NICANOR DE QUADRO             RUA: PASSO FUNDO                        JARDIM GUAND26298189NOVA IGUACU    RJUNIAO UMB DOS CULTOS AFRO BRAS    30041810 000007
10231987175000168817800093673    000014247                    000142470000000000000109                     I0114247     30051800000000050003410000017N200318104700000000000103005180000000000000000000000000000000000000000100005294848708AMANDA CONCEICAO DOS SANTOS E           RUA CORONEL BERNARDINO DE MELO,  2165 APCENTRO - NOV26255140RIO DE JANEIRO RJUNIAO UMB DOS CULTOS AFRO BRAS    30051810 000008
10231987175000168817800093673    000014246                    000142460000000000000109                     I0114246     30041800000000050003410000017N200318104700000000000103004180000000000000000000000000000000000000000100005294848708AMANDA CONCEICAO DOS SANTOS E           RUA CORONEL BERNARDINO DE MELO,  2165 APCENTRO - NOV26255140RIO DE JANEIRO RJUNIAO UMB DOS CULTOS AFRO BRAS    30041810 000009
10231987175000168817800093673    000014245                    000142450000000000000109                     I0114245     30051800000000040003410000017N200318104700000000000103005180000000000000000000000000000000000000000100004252372739BARBARA CRISTINA BATISTA DOS S          O MESMO                                 O MESMO     26352090NOVA IGUACU    RJUNIAO UMB DOS CULTOS AFRO BRAS    30051810 000010
10231987175000168817800093673    000014244                    000142440000000000000109                     I0114244     30041800000000040003410000017N200318104700000000000103004180000000000000000000000000000000000000000100004252372739BARBARA CRISTINA BATISTA DOS S          O MESMO                                 O MESMO     26352090NOVA IGUACU    RJUNIAO UMB DOS CULTOS AFRO BRAS    30041810 000011
10231987175000168817800093673    000014243                    000142430000000000000109                     I0114243     30051800000000035003410000017N200318104700000000000103005180000000000000000000000000000000000000000100093372302753MARCIO LUIZ SILVESTRE                   RUA CANDIDO MARIANO, 226                JARDIM NOVA 26266080NOVA IGUACU    RJUNIAO UMB DOS CULTOS AFRO BRAS    30051810 000012
10231987175000168817800093673    000014242                    000142420000000000000109                     I0114242     10041800000000105003410000017N200318104700000000000101004180000000000000000000000000000000000000000100093372302753MARCIO LUIZ SILVESTRE                   RUA CANDIDO MARIANO, 226                JARDIM NOVA 26266080NOVA IGUACU    RJUNIAO UMB DOS CULTOS AFRO BRAS    10041810 000013
10231987175000168817800093673    000014241                    000142410000000000000109                     I0114241     30051800000000035003410000017N200318104700000000000103005180000000000000000000000000000000000000000100008016237746RAFAEL GRACA PEREIRA                    ESTRADA DA COVANCA, 360 CASA            TANQUE - JAC22735020RIO DE JANEIRO RJUNIAO UMB DOS CULTOS AFRO BRAS    30051810 000014
10231987175000168817800093673    000014240                    000142400000000000000109                     I0214240     30051800000000035003410000017N200318104700000000000103005180000000000000000000000000000000000000000100008016237746RAFAEL GRACA PEREIRA                    ESTRADA DA COVANCA, 360 CASA            TANQUE - JAC22735020RIO DE JANEIRO RJUNIAO UMB DOS CULTOS AFRO BRAS    30051810 000015
10231987175000168817800093673    000013074                    000130740000000000000109                     I0213074     30051800000000035003410000017N200218104700000000000103005180000000000000000000000000000000000000000100049007050710AMAURI PAULO RAMOS                      RUA SOMBREIROS, 361                     SANTA RITA -26050830NOVA IGUACU    RJUNIAO UMB DOS CULTOS AFRO BRAS    30051810 000016
10231987175000168817800093673    000011913                    000119130000000000000109                     I0211913     30041800000000035003410000017N200218104700000000000103004180000000000000000000000000000000000000000100008997230719RAIMUNDA DE SOUZA MEDEIROS              RUA ARATICUM, 835 APTO 401              ANIL - JACAR22753500RIO DE JANEIRO RJUNIAO UMB DOS CULTOS AFRO BRAS    30041810 000017
10231987175000168817800093673    000011539                    000115390000000000000109                     I0211539     30041800000000035003410000017N200218104700000000000103004180000000000000000000000000000000000000000100002673106766JANAINA MARQUES ALVES SANTOS T          RUA C LOTE 6 QUADRA 3                   BASILIO - RI28800000RIO DE JANEIRO RJUNIAO UMB DOS CULTOS AFRO BRAS    30041810 000018
10231987175000168817800093673    000011465                    000114650000000000000109                     I0211465     30041800000000035003410000017N200218104700000000000103004180000000000000000000000000000000000000000100049007050710AMAURI PAULO RAMOS                      RUA SOMBREIROS, 361                     SANTA RITA -26050830NOVA IGUACU    RJUNIAO UMB DOS CULTOS AFRO BRAS    30041810 000019
10231987175000168817800093673    000010304                    000103040000000000000109                     I0210304     30031800000000035003410000017N200218104700000000000103003180000000000000000000000000000000000000000100008997230719RAIMUNDA DE SOUZA MEDEIROS              RUA ARATICUM, 835 APTO 401              ANIL - JACAR22753500RIO DE JANEIRO RJUNIAO UMB DOS CULTOS AFRO BRAS    30031810 000020
10231987175000168817800093673    00009856                     000098560000000000000109                     I029856      30031800000000035003410000017N200218104700000000000103003180000000000000000000000000000000000000000100049007050710AMAURI PAULO RAMOS                      RUA SOMBREIROS, 361                     SANTA RITA -26050830NOVA IGUACU    RJUNIAO UMB DOS CULTOS AFRO BRAS    30031810 000021
10231987175000168817800093673    00009604                     000096040000000000000109                     I029604      30031800000000035003410000017N200218104700000000000103003180000000000000000000000000000000000000000100063553830778WILLIAM RODRIGUES                       ESTRADA OTEIRO SANTO, 1022 CASA 3       TAQUARA - RI22713169RIO DE JANEIRO RJUNIAO UMB DOS CULTOS AFRO BRAS    30031810 000022
10231987175000168817800093673    00009513                     000095130000000000000109                     I029513      30031800000000035003410000017N200218104700000000000103003180000000000000000000000000000000000000000100022023461715SAULO EMMANUEL FERREIRA GUEDES          AVENIDA VICENTE DE CARVALHO, 1431 BLOCO VICENTE DE C21210003RIO DE JANEIRO RJUNIAO UMB DOS CULTOS AFRO BRAS    30031810 000023
10231987175000168817800093673    00009509                     000095090000000000000109                     I349509      30031800000000035003410000017N200218104700000000000103003180000000000000000000000000000000000000000100059195711791ELOISA HELENA PEREIRA NUNES             RUA BOAIACA, 330                        BENTO RIBEIR21331600RIO DE JANEIRO RJUNIAO UMB DOS CULTOS AFRO BRAS    30031810 000024
10231987175000168817800093673    00009216                     000092160000000000000109                     I029216      30031800000000035003410000017N200218104700000000000103003180000000000000000000000000000000000000000100043082033768LEILA RAMOS DE OLIVEIRA                 RUA CAPIBARIBE, 361                     CABUCU - NOV26346290NOVA IGUACU    RJUNIAO UMB DOS CULTOS AFRO BRAS    30031810 000025
10231987175000168817800093673    00008187                     000081870000000000000109                     I028187      28021800000000035003410000017N291217104700000000000102802180000000000000000000000000000000000000000100049007050710AMAURI PAULO RAMOS                      RUA SOMBREIROS, 361                     SANTA RITA -26050830NOVA IGUACU    RJUNIAO UMB DOS CULTOS AFRO BRAS    28021810 000026
10231987175000168817800093673    00008067                     000080670000000000000109                     I028067      28021800000000035003410000017N291217104700000000000102802180000000000000000000000000000000000000000100027686205720DENNIS CLARE                            RUA: RATICLIFF                          RIACHUELO   20950170RIO DE JANEIRO RJUNIAO UMB DOS CULTOS AFRO BRAS    28021810 000027
10231987175000168817800093673    00007329                     000073290000000000000109                     I027329      15011800000000070003410000017N271217104700000000000101501180000000000000000000000000000000000000000100027686205720DENNIS CLARE                            RUA: RATICLIFF                          RIACHUELO   20950170RIO DE JANEIRO RJUNIAO UMB DOS CULTOS AFRO BRAS    15011810 000028
10231987175000168817800093673    00006948                     000069480000000000000109                     I026948      28021800000000035003410000017N271217104700000000000102802180000000000000000000000000000000000000000100008997230719RAIMUNDA DE SOUZA MEDEIROS              RUA ARATICUM, 835 APTO 401              ANIL - JACAR22753500RIO DE JANEIRO RJUNIAO UMB DOS CULTOS AFRO BRAS    28021810 000029
10231987175000168817800093673    00006775                     000067750000000000000109                     I026775      28021800000000035003410000017N271217104700000000000102802180000000000000000000000000000000000000000100011981552723DIEGO DE SIQUEIRA VIEIRA                RUA ACU N 339 FUNDOS                    REALENGO - R21765640RIO DE JANEIRO RJUNIAO UMB DOS CULTOS AFRO BRAS    28021810 000030
10231987175000168817800093673    00006446                     000064460000000000000109                     I346446      28021800000000035003410000017N271217104700000000000102802180000000000000000000000000000000000000000100063553830778WILLIAM RODRIGUES                       ESTRADA OTEIRO SANTO, 1022 CASA 3       TAQUARA - RI22713169RIO DE JANEIRO RJUNIAO UMB DOS CULTOS AFRO BRAS    28021810 000031
10231987175000168817800093673    00006383                     000063830000000000000109                     I026383      28021800000000035003410000017N271217104700000000000102802180000000000000000000000000000000000000000100003756140792LUIZ HENRIQUE DINIZ SIMOES              RUA  BUCARESTE, 833                     VIGARIO GERA21241250RIO DE JANEIRO RJUNIAO UMB DOS CULTOS AFRO BRAS    28021810 000032
10231987175000168817800093673    00006377                     000063770000000000000109                     I026377      28021800000000035003410000017N271217104700000000000102802180000000000000000000000000000000000000000100022023461715SAULO EMMANUEL FERREIRA GUEDES          AVENIDA VICENTE DE CARVALHO, 1431 BLOCO VICENTE DE C21210003RIO DE JANEIRO RJUNIAO UMB DOS CULTOS AFRO BRAS    28021810 000033
10231987175000168817800093673    00006265                     000062650000000000000109                     I026265      28021800000000035003410000017N271217104700000000000102802180000000000000000000000000000000000000000100001087376750ALAN RICARDO DA CONCEICAO GAMA          O MESMO                                 O MESMO     22783116RIO DE JANEIRO RJUNIAO UMB DOS CULTOS AFRO BRAS    28021810 000034
10231987175000168817800093673    00006245                     000062450000000000000109                     I026245      28021800000000035003410000017N271217104700000000000102802180000000000000000000000000000000000000000100005556657718EDUARDO DE OLIVEIRA SILVA               AV. GETULIO DE MOURA LOTE 9 QUADRA 1    A.PORTO / S.25520660SAO JOAO DE MERRJUNIAO UMB DOS CULTOS AFRO BRAS    28021810 000035
10231987175000168817800093673    00005698                     000056980000000000000109                     I025698      31011800000000035003410000017N261217104700000000000103101180000000000000000000000000000000000000000100008997230719RAIMUNDA DE SOUZA MEDEIROS              RUA ARATICUM, 835 APTO 401              ANIL - JACAR22753500RIO DE JANEIRO RJUNIAO UMB DOS CULTOS AFRO BRAS    31011810 000036
10231987175000168817800093673    00005196                     000051960000000000000109                     I345196      31011800000000035003410000017N261217104700000000000103101180000000000000000000000000000000000000000100063553830778WILLIAM RODRIGUES                       ESTRADA OTEIRO SANTO, 1022 CASA 3       TAQUARA - RI22713169RIO DE JANEIRO RJUNIAO UMB DOS CULTOS AFRO BRAS    31011810 000037
10231987175000168817800093673    00005133                     000051330000000000000109                     I025133      31011800000000035003410000017N261217104700000000000103101180000000000000000000000000000000000000000100003756140792LUIZ HENRIQUE DINIZ SIMOES              RUA  BUCARESTE, 833                     VIGARIO GERA21241250RIO DE JANEIRO RJUNIAO UMB DOS CULTOS AFRO BRAS    31011810 000038
10231987175000168817800093673    00005127                     000051270000000000000109                     I025127      31011800000000035003410000017N261217104700000000000103101180000000000000000000000000000000000000000100022023461715SAULO EMMANUEL FERREIRA GUEDES          AVENIDA VICENTE DE CARVALHO, 1431 BLOCO VICENTE DE C21210003RIO DE JANEIRO RJUNIAO UMB DOS CULTOS AFRO BRAS    31011810 000039
10231987175000168817800093673    00005015                     000050150000000000000109                     I025015      31011800000000035003410000017N261217104700000000000103101180000000000000000000000000000000000000000100001087376750ALAN RICARDO DA CONCEICAO GAMA          O MESMO                                 O MESMO     22783116RIO DE JANEIRO RJUNIAO UMB DOS CULTOS AFRO BRAS    31011810 000040
10231987175000168817800093673    00004995                     000049950000000000000109                     I024995      31011800000000035003410000017N261217104700000000000103101180000000000000000000000000000000000000000100005556657718EDUARDO DE OLIVEIRA SILVA               AV. GETULIO DE MOURA LOTE 9 QUADRA 1    A.PORTO / S.25520660SAO JOAO DE MERRJUNIAO UMB DOS CULTOS AFRO BRAS    31011810 000041
10231987175000168817800093673    00004767                     000047670000000000000109                     I024767      22121700000000035003410000017N121217104700000000000102212170000000000000000000000000000000000000000100082272964753ALBANO TEIXEIRA NOVAES FILHO            O MESMO                                 O MESMO     26265550NOVA IGUACU    RJUNIAO UMB DOS CULTOS AFRO BRAS    22121710 000042
10231987175000168817800093673    00003198                     000031980000000000000109                     I023198      20121700000000350003410000017N161117104700000000000102012170000000000000000000000000000000000000000100008997230719RAIMUNDA DE SOUZA MEDEIROS              RUA ARATICUM, 835 APTO 401              ANIL - JACAR22753500RIO DE JANEIRO RJUNIAO UMB DOS CULTOS AFRO BRAS    20121710 000043
10231987175000168817800093673    00001049                     000010490000000000000109                     I021049      20121700000000035003410000017N241017104700000000000102012170000000000000000000000000000000000000000200000000001238MARCOS AURELIO WOLF GARCIA              RUA: PROFESSORA CARMELITA MARTINS Nº 21PRACA SECA -21321220RIO DE JANEIRO RJUNIAO UMB DOS CULTOS AFRO BRAS    20121710 000044
10231987175000168817800093673    0000225                      000002250000000000000109                     I34225       20121700000000340003410000017N101017104700000000000102012170000000000000000000000000000000000000000100049007050710AMAURI PAULO RAMOS                      RUA SOMBREIROS, 361                     SANTA RITA -26050830NOVA IGUACU    RJUNIAO UMB DOS CULTOS AFRO BRAS    20121710 000045
9                                                                                                                                                                                                                                                                                                                                                                                                         000046
