01REMESSA01COBRANCA       817800093673        União Umb dos Cultos Afro Bra341BANCO ITAU SA  050318                                                                                                                                                                                                                                                                                                      000001
10231987175000168817800093673    000013871                    000138710000000000000109                     I0213871     30051800000000035003410000017N200218104700000000000103005180000000000000000000000000000000000000000100002621693717JUREMA DE OLIVEIRA RODRIGUES            ESTRADA INTENDENTE MAGALHAES N 196 APT 1CAMPINHO - R21341330RIO DE JANEIRO RJUNIAO UMB DOS CULTOS AFRO BRAS    30051810 000002
10231987175000168817800093673    000013839                    000138390000000000000109                     I0213839     30051800000000035003410000017N200218104700000000000103005180000000000000000000000000000000000000000100076348547787EDIVANICE DE OLIVEIRA DA CRUZ           RUA J J COWSERT N 300 CASA 20           TOMAS COELHO21370450RIO DE JANEIRO RJUNIAO UMB DOS CULTOS AFRO BRAS    30051810 000003
10231987175000168817800093673    000013837                    000138370000000000000109                     I0213837     30051800000000035003410000017N200218104700000000000103005180000000000000000000000000000000000000000100000891933778MARIA DAS NEVES FERREIRA DO NA          RUA CAMINHO DA CHACARA N 519            PRACA SECA -22733060RIO DE JANEIRO RJUNIAO UMB DOS CULTOS AFRO BRAS    30051810 000004
10231987175000168817800093673    000013713                    000137130000000000000109                     I0213713     30051800000000035003410000017N200218104700000000000103005180000000000000000000000000000000000000000100067287581787MARIA DA CONCEICAO DE LIMA              RUA ALTO BOA VISTA N 70                 VILAR DOS TE25565410SAO JOAO DE MERRJUNIAO UMB DOS CULTOS AFRO BRAS    30051810 000005
10231987175000168817800093673    000013625                    000136250000000000000109                     I0213625     30051800000000035003410000017N200218104700000000000103005180000000000000000000000000000000000000000100076636429704SONIA REGINA GOMES AMAZONAS             RUA MAJOR PARENTES N 474 FUNDOS         MAGALHAES BA21735100RIO DE JANEIRO RJUNIAO UMB DOS CULTOS AFRO BRAS    30051810 000006
10231987175000168817800093673    000013419                    000134190000000000000109                     I0213419     30051800000000035003410000017N200218104700000000000103005180000000000000000000000000000000000000000100014806247723JEFFERSON DA CUNHA AREAS                RUA DOZE, 196                           NOVA MARILIA25900000MAGE           RJUNIAO UMB DOS CULTOS AFRO BRAS    30051810 000007
10231987175000168817800093673    000013294                    000132940000000000000109                     I0213294     30051800000000035003410000017N200218104700000000000103005180000000000000000000000000000000000000000100010548215774MARCUS ULYSSES ALVAREZ BARBOSA          RUA TIBOIM, 590                         BRAS DE PINA21011650RIO DE JANEIRO RJUNIAO UMB DOS CULTOS AFRO BRAS    30051810 000008
10231987175000168817800093673    000013275                    000132750000000000000109                     I0213275     30051800000000035003410000017N200218104700000000000103005180000000000000000000000000000000000000000100000635840774MARCOS DE OLIVEIRA                      RUA MARCILIO DIAS, 408                  JARDIM CAICA28910080CABO FRIO      RJUNIAO UMB DOS CULTOS AFRO BRAS    30051810 000009
10231987175000168817800093673    000012943                    000129430000000000000109                     I0212943     30051800000000035003410000017N200218104700000000000103005180000000000000000000000000000000000000000100037356178753TEREZA BRAGA DE AZEVEDO                 RUA ANDRE ROCHA N 224                   TAQUARA - RI22730522RIO DE JANEIRO RJUNIAO UMB DOS CULTOS AFRO BRAS    30051810 000010
10231987175000168817800093673    000012892                    000128920000000000000109                     I0212892     30051800000000035003410000017N200218104700000000000103005180000000000000000000000000000000000000000100050942490763ANTONIO PAULO TRABACHINI                RUA DO CATETE, 347 LOJA 8               CATETE      22271100RIO DE JANEIRO RJUNIAO UMB DOS CULTOS AFRO BRAS    30051810 000011
10231987175000168817800093673    000012831                    000128310000000000000109                     I0212831     30051800000000035003410000017N200218104700000000000103005180000000000000000000000000000000000000000100058984178772ELIZABETH RIBEIRO VALENTE FARI          RUA VASCO DA GAMA N 1409 - PARQUE ESTORIPARQUE ESTOR26063190NOVA IGUACU    RJUNIAO UMB DOS CULTOS AFRO BRAS    30051810 000012
10231987175000168817800093673    000012746                    000127460000000000000109                     I0212746     30051800000000035003410000017N200218104700000000000103005180000000000000000000000000000000000000000200000000004766EDINALVA MUNIZ VALENTIM                 AVENIDA RIO DE JANEIRO, 21              INCRA - SERO23850220SEROPEDICA     RJUNIAO UMB DOS CULTOS AFRO BRAS    30051810 000013
10231987175000168817800093673    000012721                    000127210000000000000109                     I0212721     30051800000000035003410000017N200218104700000000000103005180000000000000000000000000000000000000000100093431619720GUILHERME LUIZ BASILIO                  RUA, BARAO DO BOM RETIRO Nº 556 FUNDOS ENGENHO NOVO20551140RIO DE JANEIRO RJUNIAO UMB DOS CULTOS AFRO BRAS    30051810 000014
10231987175000168817800093673    000012506                    000125060000000000000109                     I0212506     30051800000000035003410000017N200218104700000000000103005180000000000000000000000000000000000000000100052357023791DILMA DA SILVA BILONIA                  RUA CERES N 603                         BANGU - RJ  21862070RIO DE JANEIRO RJUNIAO UMB DOS CULTOS AFRO BRAS    30051810 000015
10231987175000168817800093673    000012262                    000122620000000000000109                     I0212262     30041800000000035003410000017N200218104700000000000103004180000000000000000000000000000000000000000100002621693717JUREMA DE OLIVEIRA RODRIGUES            ESTRADA INTENDENTE MAGALHAES N 196 APT 1CAMPINHO - R21341330RIO DE JANEIRO RJUNIAO UMB DOS CULTOS AFRO BRAS    30041810 000016
10231987175000168817800093673    000012230                    000122300000000000000109                     I0212230     30041800000000035003410000017N200218104700000000000103004180000000000000000000000000000000000000000100076348547787EDIVANICE DE OLIVEIRA DA CRUZ           RUA J J COWSERT N 300 CASA 20           TOMAS COELHO21370450RIO DE JANEIRO RJUNIAO UMB DOS CULTOS AFRO BRAS    30041810 000017
10231987175000168817800093673    000012228                    000122280000000000000109                     I0212228     30041800000000035003410000017N200218104700000000000103004180000000000000000000000000000000000000000100000891933778MARIA DAS NEVES FERREIRA DO NA          RUA CAMINHO DA CHACARA N 519            PRACA SECA -22733060RIO DE JANEIRO RJUNIAO UMB DOS CULTOS AFRO BRAS    30041810 000018
10231987175000168817800093673    000012104                    000121040000000000000109                     I0212104     30041800000000035003410000017N200218104700000000000103004180000000000000000000000000000000000000000100067287581787MARIA DA CONCEICAO DE LIMA              RUA ALTO BOA VISTA N 70                 VILAR DOS TE25565410SAO JOAO DE MERRJUNIAO UMB DOS CULTOS AFRO BRAS    30041810 000019
10231987175000168817800093673    000012016                    000120160000000000000109                     I0212016     30041800000000035003410000017N200218104700000000000103004180000000000000000000000000000000000000000100076636429704SONIA REGINA GOMES AMAZONAS             RUA MAJOR PARENTES N 474 FUNDOS         MAGALHAES BA21735100RIO DE JANEIRO RJUNIAO UMB DOS CULTOS AFRO BRAS    30041810 000020
10231987175000168817800093673    000011810                    000118100000000000000109                     I0211810     30041800000000035003410000017N200218104700000000000103004180000000000000000000000000000000000000000100014806247723JEFFERSON DA CUNHA AREAS                RUA DOZE, 196                           NOVA MARILIA25900000MAGE           RJUNIAO UMB DOS CULTOS AFRO BRAS    30041810 000021
10231987175000168817800093673    000011685                    000116850000000000000109                     I0211685     30041800000000035003410000017N200218104700000000000103004180000000000000000000000000000000000000000100010548215774MARCUS ULYSSES ALVAREZ BARBOSA          RUA TIBOIM, 590                         BRAS DE PINA21011650RIO DE JANEIRO RJUNIAO UMB DOS CULTOS AFRO BRAS    30041810 000022
10231987175000168817800093673    000011666                    000116660000000000000109                     I0211666     30041800000000035003410000017N200218104700000000000103004180000000000000000000000000000000000000000100000635840774MARCOS DE OLIVEIRA                      RUA MARCILIO DIAS, 408                  JARDIM CAICA28910080CABO FRIO      RJUNIAO UMB DOS CULTOS AFRO BRAS    30041810 000023
10231987175000168817800093673    000011334                    000113340000000000000109                     I0211334     30041800000000035003410000017N200218104700000000000103004180000000000000000000000000000000000000000100037356178753TEREZA BRAGA DE AZEVEDO                 RUA ANDRE ROCHA N 224                   TAQUARA - RI22730522RIO DE JANEIRO RJUNIAO UMB DOS CULTOS AFRO BRAS    30041810 000024
10231987175000168817800093673    000011283                    000112830000000000000109                     I0211283     30041800000000035003410000017N200218104700000000000103004180000000000000000000000000000000000000000100050942490763ANTONIO PAULO TRABACHINI                RUA DO CATETE, 347 LOJA 8               CATETE      22271100RIO DE JANEIRO RJUNIAO UMB DOS CULTOS AFRO BRAS    30041810 000025
10231987175000168817800093673    000011222                    000112220000000000000109                     I0211222     30041800000000035003410000017N200218104700000000000103004180000000000000000000000000000000000000000100058984178772ELIZABETH RIBEIRO VALENTE FARI          RUA VASCO DA GAMA N 1409 - PARQUE ESTORIPARQUE ESTOR26063190NOVA IGUACU    RJUNIAO UMB DOS CULTOS AFRO BRAS    30041810 000026
10231987175000168817800093673    000011137                    000111370000000000000109                     I0211137     30041800000000035003410000017N200218104700000000000103004180000000000000000000000000000000000000000200000000004766EDINALVA MUNIZ VALENTIM                 AVENIDA RIO DE JANEIRO, 21              INCRA - SERO23850220SEROPEDICA     RJUNIAO UMB DOS CULTOS AFRO BRAS    30041810 000027
10231987175000168817800093673    000011112                    000111120000000000000109                     I0211112     30041800000000035003410000017N200218104700000000000103004180000000000000000000000000000000000000000100093431619720GUILHERME LUIZ BASILIO                  RUA, BARAO DO BOM RETIRO Nº 556 FUNDOS ENGENHO NOVO20551140RIO DE JANEIRO RJUNIAO UMB DOS CULTOS AFRO BRAS    30041810 000028
10231987175000168817800093673    000010897                    000108970000000000000109                     I0210897     30041800000000035003410000017N200218104700000000000103004180000000000000000000000000000000000000000100052357023791DILMA DA SILVA BILONIA                  RUA CERES N 603                         BANGU - RJ  21862070RIO DE JANEIRO RJUNIAO UMB DOS CULTOS AFRO BRAS    30041810 000029
10231987175000168817800093673    000010653                    000106530000000000000109                     I0210653     30031800000000035003410000017N200218104700000000000103003180000000000000000000000000000000000000000100002621693717JUREMA DE OLIVEIRA RODRIGUES            ESTRADA INTENDENTE MAGALHAES N 196 APT 1CAMPINHO - R21341330RIO DE JANEIRO RJUNIAO UMB DOS CULTOS AFRO BRAS    30031810 000030
10231987175000168817800093673    000010645                    000106450000000000000109                     I3410645     30031800000000035003410000017N200218104700000000000103003180000000000000000000000000000000000000000100014527767763THIERRY PADILHA MOTA                    RUA ALCIR BRASIL N 706                  JARDIM NOVA 26266010NOVA IGUACU    RJUNIAO UMB DOS CULTOS AFRO BRAS    30031810 000031
10231987175000168817800093673    000010621                    000106210000000000000109                     I0210621     30031800000000035003410000017N200218104700000000000103003180000000000000000000000000000000000000000100076348547787EDIVANICE DE OLIVEIRA DA CRUZ           RUA J J COWSERT N 300 CASA 20           TOMAS COELHO21370450RIO DE JANEIRO RJUNIAO UMB DOS CULTOS AFRO BRAS    30031810 000032
10231987175000168817800093673    000010619                    000106190000000000000109                     I0210619     30031800000000035003410000017N200218104700000000000103003180000000000000000000000000000000000000000100000891933778MARIA DAS NEVES FERREIRA DO NA          RUA CAMINHO DA CHACARA N 519            PRACA SECA -22733060RIO DE JANEIRO RJUNIAO UMB DOS CULTOS AFRO BRAS    30031810 000033
10231987175000168817800093673    000010575                    000105750000000000000109                     I3410575     30031800000000035003410000017N200218104700000000000103003180000000000000000000000000000000000000000100080578063700SANDRA REGINA NEVES CHAGAS              RUA MARIA LOURENCO N 12 CASA 2          JARDIM PRIMA25215367DUQUE DE CAXIASRJUNIAO UMB DOS CULTOS AFRO BRAS    30031810 000034
10231987175000168817800093673    000010495                    000104950000000000000109                     I0210495     30031800000000035003410000017N200218104700000000000103003180000000000000000000000000000000000000000100067287581787MARIA DA CONCEICAO DE LIMA              RUA ALTO BOA VISTA N 70                 VILAR DOS TE25565410SAO JOAO DE MERRJUNIAO UMB DOS CULTOS AFRO BRAS    30031810 000035
10231987175000168817800093673    000010437                    000104370000000000000109                     I0210437     30031800000000035003410000017N200218104700000000000103003180000000000000000000000000000000000000000100001346507783ANDREIA FERREIRA E CUNHA                RUA TIRADENTES N 465 CASA 4             CONFIDENCIA 26323260NOVA IGUACU    RJUNIAO UMB DOS CULTOS AFRO BRAS    30031810 000036
10231987175000168817800093673    000010407                    000104070000000000000109                     I0210407     30031800000000035003410000017N200218104700000000000103003180000000000000000000000000000000000000000100076636429704SONIA REGINA GOMES AMAZONAS             RUA MAJOR PARENTES N 474 FUNDOS         MAGALHAES BA21735100RIO DE JANEIRO RJUNIAO UMB DOS CULTOS AFRO BRAS    30031810 000037
10231987175000168817800093673    000010201                    000102010000000000000109                     I0210201     30031800000000035003410000017N200218104700000000000103003180000000000000000000000000000000000000000100014806247723JEFFERSON DA CUNHA AREAS                RUA DOZE, 196                           NOVA MARILIA25900000MAGE           RJUNIAO UMB DOS CULTOS AFRO BRAS    30031810 000038
10231987175000168817800093673    000010076                    000100760000000000000109                     I0210076     30031800000000035003410000017N200218104700000000000103003180000000000000000000000000000000000000000100010548215774MARCUS ULYSSES ALVAREZ BARBOSA          RUA TIBOIM, 590                         BRAS DE PINA21011650RIO DE JANEIRO RJUNIAO UMB DOS CULTOS AFRO BRAS    30031810 000039
10231987175000168817800093673    000010057                    000100570000000000000109                     I0210057     30031800000000035003410000017N200218104700000000000103003180000000000000000000000000000000000000000100000635840774MARCOS DE OLIVEIRA                      RUA MARCILIO DIAS, 408                  JARDIM CAICA28910080CABO FRIO      RJUNIAO UMB DOS CULTOS AFRO BRAS    30031810 000040
10231987175000168817800093673    000010014                    000100140000000000000109                     I0210014     30031800000000035003410000017N200218104700000000000103003180000000000000000000000000000000000000000100059841672715MONICA TARDELLE                         RUA EUBANQUE 16 APTO 201                ENGENHO DA R20766600RIO DE JANEIRO RJUNIAO UMB DOS CULTOS AFRO BRAS    30031810 000041
10231987175000168817800093673    00009725                     000097250000000000000109                     I029725      30031800000000035003410000017N200218104700000000000103003180000000000000000000000000000000000000000100037356178753TEREZA BRAGA DE AZEVEDO                 RUA ANDRE ROCHA N 224                   TAQUARA - RI22730522RIO DE JANEIRO RJUNIAO UMB DOS CULTOS AFRO BRAS    30031810 000042
10231987175000168817800093673    00009674                     000096740000000000000109                     I029674      30031800000000035003410000017N200218104700000000000103003180000000000000000000000000000000000000000100050942490763ANTONIO PAULO TRABACHINI                RUA DO CATETE, 347 LOJA 8               CATETE      22271100RIO DE JANEIRO RJUNIAO UMB DOS CULTOS AFRO BRAS    30031810 000043
10231987175000168817800093673    00009613                     000096130000000000000109                     I029613      30031800000000035003410000017N200218104700000000000103003180000000000000000000000000000000000000000100058984178772ELIZABETH RIBEIRO VALENTE FARI          RUA VASCO DA GAMA N 1409 - PARQUE ESTORIPARQUE ESTOR26063190NOVA IGUACU    RJUNIAO UMB DOS CULTOS AFRO BRAS    30031810 000044
10231987175000168817800093673    00009528                     000095280000000000000109                     I029528      30031800000000035003410000017N200218104700000000000103003180000000000000000000000000000000000000000200000000004766EDINALVA MUNIZ VALENTIM                 AVENIDA RIO DE JANEIRO, 21              INCRA - SERO23850220SEROPEDICA     RJUNIAO UMB DOS CULTOS AFRO BRAS    30031810 000045
10231987175000168817800093673    00009503                     000095030000000000000109                     I029503      30031800000000035003410000017N200218104700000000000103003180000000000000000000000000000000000000000100093431619720GUILHERME LUIZ BASILIO                  RUA, BARAO DO BOM RETIRO Nº 556 FUNDOS ENGENHO NOVO20551140RIO DE JANEIRO RJUNIAO UMB DOS CULTOS AFRO BRAS    30031810 000046
10231987175000168817800093673    00009446                     000094460000000000000109                     I029446      30031800000000035003410000017N200218104700000000000103003180000000000000000000000000000000000000000100008763637707JUSSARA SILVA DE ALBUQUERQUE            RUA: ARGOS Nº 281 FUNDOS - GUADALUPE   RIO DE JANEI21660050RIO DE JANEIRO RJUNIAO UMB DOS CULTOS AFRO BRAS    30031810 000047
10231987175000168817800093673    00009420                     000094200000000000000109                     I349420      30031800000000035003410000017N200218104700000000000103003180000000000000000000000000000000000000000100010491247745JOAO BATISTA MACEDO DE FREITAS          RUA ITAGIBA N 1047 FUNDOS               COSMOS - RIO23060450RIO DE JANEIRO RJUNIAO UMB DOS CULTOS AFRO BRAS    30031810 000048
10231987175000168817800093673    00009288                     000092880000000000000109                     I029288      30031800000000035003410000017N200218104700000000000103003180000000000000000000000000000000000000000100052357023791DILMA DA SILVA BILONIA                  RUA CERES N 603                         BANGU - RJ  21862070RIO DE JANEIRO RJUNIAO UMB DOS CULTOS AFRO BRAS    30031810 000049
10231987175000168817800093673    00008385                     000083850000000000000109                     I028385      28021800000000035003410000017N291217104700000000000102802180000000000000000000000000000000000000000100009199332701LUANDA MOREIRA DOS SANTOS FERN          RUA SEVERIANO MONTEIRO N 232 APT 302    BRAZ DE PINA21235620RIO DE JANEIRO RJUNIAO UMB DOS CULTOS AFRO BRAS    28021810 000050
10231987175000168817800093673    00008373                     000083730000000000000109                     I028373      28021800000000035003410000017N291217104700000000000102802180000000000000000000000000000000000000000100076636429704SONIA REGINA GOMES AMAZONAS             RUA MAJOR PARENTES N 474 FUNDOS         MAGALHAES BA21735100RIO DE JANEIRO RJUNIAO UMB DOS CULTOS AFRO BRAS    28021810 000051
10231987175000168817800093673    00008259                     000082590000000000000109                     I028259      28021800000000035003410000017N291217104700000000000102802180000000000000000000000000000000000000000100000635840774MARCOS DE OLIVEIRA                      RUA MARCILIO DIAS, 408                  JARDIM CAICA28910080CABO FRIO      RJUNIAO UMB DOS CULTOS AFRO BRAS    28021810 000052
10231987175000168817800093673    00008172                     000081720000000000000109                     I028172      28021800000000035003410000017N291217104700000000000102802180000000000000000000000000000000000000000100042909422804RAMALHO BORBA SILVA                     RUA HENRI DUMONT, 841                   CAMPO GRANDE23052350RIO DE JANEIRO RJUNIAO UMB DOS CULTOS AFRO BRAS    28021810 000053
10231987175000168817800093673    00008082                     000080820000000000000109                     I028082      28021800000000035003410000017N291217104700000000000102802180000000000000000000000000000000000000000100058984178772ELIZABETH RIBEIRO VALENTE FARI          RUA VASCO DA GAMA N 1409 - PARQUE ESTORIPARQUE ESTOR26063190NOVA IGUACU    RJUNIAO UMB DOS CULTOS AFRO BRAS    28021810 000054
10231987175000168817800093673    00008036                     000080360000000000000109                     I028036      28021800000000035003410000017N291217104700000000000102802180000000000000000000000000000000000000000100093431619720GUILHERME LUIZ BASILIO                  RUA, BARAO DO BOM RETIRO Nº 556 FUNDOS ENGENHO NOVO20551140RIO DE JANEIRO RJUNIAO UMB DOS CULTOS AFRO BRAS    28021810 000055
10231987175000168817800093673    00007939                     000079390000000000000109                     I027939      28021800000000035003410000017N291217104700000000000102802180000000000000000000000000000000000000000100052357023791DILMA DA SILVA BILONIA                  RUA CERES N 603                         BANGU - RJ  21862070RIO DE JANEIRO RJUNIAO UMB DOS CULTOS AFRO BRAS    28021810 000056
10231987175000168817800093673    00007245                     000072450000000000000109                     I027245      28021800000000035003410000017N271217104700000000000102802180000000000000000000000000000000000000000100076348547787EDIVANICE DE OLIVEIRA DA CRUZ           RUA J J COWSERT N 300 CASA 20           TOMAS COELHO21370450RIO DE JANEIRO RJUNIAO UMB DOS CULTOS AFRO BRAS    28021810 000057
10231987175000168817800093673    00007244                     000072440000000000000109                     I027244      28021800000000035003410000017N271217104700000000000102802180000000000000000000000000000000000000000100000891933778MARIA DAS NEVES FERREIRA DO NA          RUA CAMINHO DA CHACARA N 519            PRACA SECA -22733060RIO DE JANEIRO RJUNIAO UMB DOS CULTOS AFRO BRAS    28021810 000058
10231987175000168817800093673    00007199                     000071990000000000000109                     I027199      28021800000000035003410000017N271217104700000000000102802180000000000000000000000000000000000000000100080578063700SANDRA REGINA NEVES CHAGAS              RUA MARIA LOURENCO N 12 CASA 2          JARDIM PRIMA25215367DUQUE DE CAXIASRJUNIAO UMB DOS CULTOS AFRO BRAS    28021810 000059
10231987175000168817800093673    00007059                     000070590000000000000109                     I027059      28021800000000035003410000017N271217104700000000000102802180000000000000000000000000000000000000000100001346507783ANDREIA FERREIRA E CUNHA                RUA TIRADENTES N 465 CASA 4             CONFIDENCIA 26323260NOVA IGUACU    RJUNIAO UMB DOS CULTOS AFRO BRAS    28021810 000060
10231987175000168817800093673    00006986                     000069860000000000000109                     I026986      28021800000000035003410000017N271217104700000000000102802180000000000000000000000000000000000000000100040262146720ARABELA SILVA CAMPOS DOS REIS           RUA DUARTE TEIXEIRA, 349 CASA 4         QUINTINO BOC21311330RIO DE JANEIRO RJUNIAO UMB DOS CULTOS AFRO BRAS    28021810 000061
10231987175000168817800093673    00006931                     000069310000000000000109                     I346931      28021800000000035003410000017N271217104700000000000102802180000000000000000000000000000000000000000100007429687741MAURO ROBERTO NEVES DA HORA             RUA BRAS CUBAS, 112 BLOCO 3 APTO 106    CONDOMINIO P21520030RIO DE JANEIRO RJUNIAO UMB DOS CULTOS AFRO BRAS    28021810 000062
10231987175000168817800093673    00006528                     000065280000000000000109                     I026528      28021800000000035003410000017N271217104700000000000102802180000000000000000000000000000000000000000100037356178753TEREZA BRAGA DE AZEVEDO                 RUA ANDRE ROCHA N 224                   TAQUARA - RI22730522RIO DE JANEIRO RJUNIAO UMB DOS CULTOS AFRO BRAS    28021810 000063
10231987175000168817800093673    00006503                     000065030000000000000109                     I346503      28021800000000035003410000017N271217104700000000000102802180000000000000000000000000000000000000000100043194869787JORGE PINHEIRO DE ALMEIDA               RUA CERQUEIRA CESAR N 121 CASA 1        MADUREIRA - 21351070RIO DE JANEIRO RJUNIAO UMB DOS CULTOS AFRO BRAS    28021810 000064
10231987175000168817800093673    00006490                     000064900000000000000109                     I026490      28021800000000035003410000017N271217104700000000000102802180000000000000000000000000000000000000000100050942490763ANTONIO PAULO TRABACHINI                RUA DO CATETE, 347 LOJA 8               CATETE      22271100RIO DE JANEIRO RJUNIAO UMB DOS CULTOS AFRO BRAS    28021810 000065
10231987175000168817800093673    00006390                     000063900000000000000109                     I026390      28021800000000035003410000017N271217104700000000000102802180000000000000000000000000000000000000000200000000004766EDINALVA MUNIZ VALENTIM                 AVENIDA RIO DE JANEIRO, 21              INCRA - SERO23850220SEROPEDICA     RJUNIAO UMB DOS CULTOS AFRO BRAS    28021810 000066
10231987175000168817800093673    00006311                     000063110000000000000109                     I346311      28021800000000035003410000017N271217104700000000000102802180000000000000000000000000000000000000000100010491247745JOAO BATISTA MACEDO DE FREITAS          RUA ITAGIBA N 1047 FUNDOS               COSMOS - RIO23060450RIO DE JANEIRO RJUNIAO UMB DOS CULTOS AFRO BRAS    28021810 000067
10231987175000168817800093673    00006257                     000062570000000000000109                     I346257      28021800000000035003410000017N271217104700000000000102802180000000000000000000000000000000000000000200000000007838JANILTON DA CRUZ ROCHA                  RUA ALUISIO AZEVEDO LOTE 27 QUADRA 40   IMBARIE - PA25275360PARADA ANGELICARJUNIAO UMB DOS CULTOS AFRO BRAS    28021810 000068
10231987175000168817800093673    00006253                     000062530000000000000109                     I346253      28021800000000035003410000017N271217104700000000000102802180000000000000000000000000000000000000000100054770122772EDUARDO DOS SANTOS REIS NETO            O MESMO                                 O MESMO     21360080RIO DE JANEIRO RJUNIAO UMB DOS CULTOS AFRO BRAS    28021810 000069
10231987175000168817800093673    00005995                     000059950000000000000109                     I025995      31011800000000035003410000017N261217104700000000000103101180000000000000000000000000000000000000000100076348547787EDIVANICE DE OLIVEIRA DA CRUZ           RUA J J COWSERT N 300 CASA 20           TOMAS COELHO21370450RIO DE JANEIRO RJUNIAO UMB DOS CULTOS AFRO BRAS    31011810 000070
10231987175000168817800093673    00005994                     000059940000000000000109                     I025994      31011800000000035003410000017N261217104700000000000103101180000000000000000000000000000000000000000100000891933778MARIA DAS NEVES FERREIRA DO NA          RUA CAMINHO DA CHACARA N 519            PRACA SECA -22733060RIO DE JANEIRO RJUNIAO UMB DOS CULTOS AFRO BRAS    31011810 000071
10231987175000168817800093673    00005949                     000059490000000000000109                     I025949      31011800000000035003410000017N261217104700000000000103101180000000000000000000000000000000000000000100080578063700SANDRA REGINA NEVES CHAGAS              RUA MARIA LOURENCO N 12 CASA 2          JARDIM PRIMA25215367DUQUE DE CAXIASRJUNIAO UMB DOS CULTOS AFRO BRAS    31011810 000072
10231987175000168817800093673    00005809                     000058090000000000000109                     I025809      31011800000000035003410000017N261217104700000000000103101180000000000000000000000000000000000000000100001346507783ANDREIA FERREIRA E CUNHA                RUA TIRADENTES N 465 CASA 4             CONFIDENCIA 26323260NOVA IGUACU    RJUNIAO UMB DOS CULTOS AFRO BRAS    31011810 000073
10231987175000168817800093673    00005617                     000056170000000000000109                     I025617      31011800000000035003410000017N261217104700000000000103101180000000000000000000000000000000000000000100014806247723JEFFERSON DA CUNHA AREAS                RUA DOZE, 196                           NOVA MARILIA25900000MAGE           RJUNIAO UMB DOS CULTOS AFRO BRAS    31011810 000074
10231987175000168817800093673    00005278                     000052780000000000000109                     I025278      31011800000000035003410000017N261217104700000000000103101180000000000000000000000000000000000000000100037356178753TEREZA BRAGA DE AZEVEDO                 RUA ANDRE ROCHA N 224                   TAQUARA - RI22730522RIO DE JANEIRO RJUNIAO UMB DOS CULTOS AFRO BRAS    31011810 000075
10231987175000168817800093673    00005246                     000052460000000000000109                     I025246      31011800000000035003410000017N261217104700000000000103101180000000000000000000000000000000000000000100089080475734MARCIA MARIA CORREIA DA SILVA           RUA ALVARES CABRAL, 520                 CACHAMBI - R20780320RIO DE JANEIRO RJUNIAO UMB DOS CULTOS AFRO BRAS    31011810 000076
10231987175000168817800093673    00005240                     000052400000000000000109                     I025240      31011800000000035003410000017N261217104700000000000103101180000000000000000000000000000000000000000100050942490763ANTONIO PAULO TRABACHINI                RUA DO CATETE, 347 LOJA 8               CATETE      22271100RIO DE JANEIRO RJUNIAO UMB DOS CULTOS AFRO BRAS    31011810 000077
10231987175000168817800093673    00005140                     000051400000000000000109                     I025140      31011800000000035003410000017N261217104700000000000103101180000000000000000000000000000000000000000200000000004766EDINALVA MUNIZ VALENTIM                 AVENIDA RIO DE JANEIRO, 21              INCRA - SERO23850220SEROPEDICA     RJUNIAO UMB DOS CULTOS AFRO BRAS    31011810 000078
10231987175000168817800093673    00005061                     000050610000000000000109                     I345061      31011800000000035003410000017N261217104700000000000103101180000000000000000000000000000000000000000100010491247745JOAO BATISTA MACEDO DE FREITAS          RUA ITAGIBA N 1047 FUNDOS               COSMOS - RIO23060450RIO DE JANEIRO RJUNIAO UMB DOS CULTOS AFRO BRAS    31011810 000079
10231987175000168817800093673    00005007                     000050070000000000000109                     I345007      31011800000000035003410000017N261217104700000000000103101180000000000000000000000000000000000000000200000000007838JANILTON DA CRUZ ROCHA                  RUA ALUISIO AZEVEDO LOTE 27 QUADRA 40   IMBARIE - PA25275360PARADA ANGELICARJUNIAO UMB DOS CULTOS AFRO BRAS    31011810 000080
10231987175000168817800093673    00003191                     000031910000000000000109                     I343191      20121700000000340003410000017N141117104700000000000102012170000000000000000000000000000000000000000100000891933778MARIA DAS NEVES FERREIRA DO NA          RUA CAMINHO DA CHACARA N 519            PRACA SECA -22733060RIO DE JANEIRO RJUNIAO UMB DOS CULTOS AFRO BRAS    20121710 000081
10231987175000168817800093673    00001617                     000016170000000000000109                     I021617      20121700000000400003410000017N301017104700000000000102012170000000000000000000000000000000000000000100037433288791VERA LUCIA COSTA MOACYR                 RUA JOANA KALIL, LOTE 6 QUADRA 51       JARDIM MERIT25555100SAO JOAO DE MERRJUNIAO UMB DOS CULTOS AFRO BRAS    20121710 000082
10231987175000168817800093673    00001510                     000015100000000000000109                     I021510      20121700000000270003410000017N251017104700000000000102012170000000000000000000000000000000000000000100085759600753VERALUCIA DE SOUZA                      RUA NELCINA, 3 CASA 8                   JACAREPAGUA 22753043RIO DE JANEIRO RJUNIAO UMB DOS CULTOS AFRO BRAS    20121710 000083
10231987175000168817800093673    00001496                     000014960000000000000109                     I021496      20121700000000300003410000017N251017104700000000000102012170000000000000000000000000000000000000000100001804015725ZELIA CAMPOSO FURTADO                   RUA OURO BRANCO, 511                    VILA VALQUEI21321560RIO DE JANEIRO RJUNIAO UMB DOS CULTOS AFRO BRAS    20121710 000084
10231987175000168817800093673    00001478                     000014780000000000000109                     I021478      20121700000000240003410000017N251017104700000000000102012170000000000000000000000000000000000000000100001402253745HOLNEI DE SOUZA                         RUA B, 27 CASA 1 CONDOMINIO VILAVERDE   ITAUNA - SAO24461593SAO GONCALO    RJUNIAO UMB DOS CULTOS AFRO BRAS    20121710 000085
10231987175000168817800093673    00001393                     000013930000000000000109                     I341393      20121700000000340003410000017N241017104700000000000102012170000000000000000000000000000000000000000100058984178772ELIZABETH RIBEIRO VALENTE FARI          RUA VASCO DA GAMA N 1409 - PARQUE ESTORIPARQUE ESTOR26063190NOVA IGUACU    RJUNIAO UMB DOS CULTOS AFRO BRAS    20121710 000086
10231987175000168817800093673    00001284                     000012840000000000000109                     I021284      20121700000000340003410000017N241017104700000000000102012170000000000000000000000000000000000000000100093431619720GUILHERME LUIZ BASILIO                  RUA, BARAO DO BOM RETIRO Nº 556 FUNDOS ENGENHO NOVO20551140RIO DE JANEIRO RJUNIAO UMB DOS CULTOS AFRO BRAS    20121710 000087
10231987175000168817800093673    0000952                      000009520000000000000109                     I34952       20121700000000340003410000017N171017104700000000000102012170000000000000000000000000000000000000000100076636429704SONIA REGINA GOMES AMAZONAS             RUA MAJOR PARENTES N 474 FUNDOS         MAGALHAES BA21735100RIO DE JANEIRO RJUNIAO UMB DOS CULTOS AFRO BRAS    20121710 000088
10231987175000168817800093673    0000423                      000004230000000000000109                     I02423       20121700000000340003410000017N101017104700000000000102012170000000000000000000000000000000000000000100010548215774MARCUS ULYSSES ALVAREZ BARBOSA          RUA TIBOIM, 590                         BRAS DE PINA21011650RIO DE JANEIRO RJUNIAO UMB DOS CULTOS AFRO BRAS    20121710 000089
10231987175000168817800093673    0000402                      000004020000000000000109                     I34402       20121700000000340003410000017N101017104700000000000102012170000000000000000000000000000000000000000100000635840774MARCOS DE OLIVEIRA                      RUA MARCILIO DIAS, 408                  JARDIM CAICA28910080CABO FRIO      RJUNIAO UMB DOS CULTOS AFRO BRAS    20121710 000090
10231987175000168817800093673    0000358                      000003580000000000000109                     I02358       20121700000000400003410000017N101017104700000000000102012170000000000000000000000000000000000000000100059841672715MONICA TARDELLE                         RUA EUBANQUE 16 APTO 201                ENGENHO DA R20766600RIO DE JANEIRO RJUNIAO UMB DOS CULTOS AFRO BRAS    20121710 000091
9                                                                                                                                                                                                                                                                                                                                                                                                         000092
