01REMESSA01COBRANCA       916200163100        União Umb dos Cultos Afro Bra341BANCO ITAU SA  090518                                                                                                                                                                                                                                                                                                      000001
10231987175000168916200163100    000020822                    000208220000000000000109                     I0120822     30081800000000035003410000017N080518104700000000000103008180000000000000000000000000000000000000000100009409455766DANIELE MARTINS MEDEIROS DE FR          RUA D                                   BELA VISTA  23860000MANGARATIBA    RJUNIAO UMB DOS CULTOS AFRO BRAS    30081810 000002
10231987175000168916200163100    000020821                    000208210000000000000109                     I0120821     30071800000000035003410000017N080518104700000000000103007180000000000000000000000000000000000000000100009409455766DANIELE MARTINS MEDEIROS DE FR          RUA D                                   BELA VISTA  23860000MANGARATIBA    RJUNIAO UMB DOS CULTOS AFRO BRAS    30071810 000003
10231987175000168916200163100    000020820                    000208200000000000000109                     I0120820     30081800000000035003410000017N080518104700000000000103008180000000000000000000000000000000000000000100007620451157JUCIARA BARRETO DA SILVA                O MESMO                                 O MESMO     25936690MAGE           RJUNIAO UMB DOS CULTOS AFRO BRAS    30081810 000004
10231987175000168916200163100    000020819                    000208190000000000000109                     I0120819     20051800000000070003410000017N080518104700000000000102005180000000000000000000000000000000000000000100081531095704ROSANA ALMEIDA SILVA                    RUA JOAQUIM MARIANO DE MOURA N 246      PONTO CHIC -26032840NOVA IGUACU    RJUNIAO UMB DOS CULTOS AFRO BRAS    20051810 000005
10231987175000168916200163100    000020818                    000208180000000000000109                     I0120818     30051800000000035003410000017N080518104700000000000103005180000000000000000000000000000000000000000100000681004770ESPEDITA NUNES DA SILVA                 AVENIDA CASTELO BRANCO, LOTE 3 QUADRA 83PAQ.ELDORADO25243570DUQUE DE CAXIASRJUNIAO UMB DOS CULTOS AFRO BRAS    30051810 000006
10231987175000168916200163100    000020817                    000208170000000000000109                     I0120817     30051800000000070003410000017N080518104700000000000103005180000000000000000000000000000000000000000100015197047712MARCELLE SOARES ZIMBRAO                 RUA: NOSSA SENHORA DAS GRACAS Nº 11    MOSELA - PET25675111PETROPOLIS     RJUNIAO UMB DOS CULTOS AFRO BRAS    30051810 000007
10231987175000168916200163100    000020816                    000208160000000000000109                     I0120816     09051800000000105003410000017N080518104700000000000100905180000000000000000000000000000000000000000100057316600772ESTELA FERREIRA                         AVENIDA BORIS, 321                      MUTONDO  - S24422730SAO GONCALO    RJUNIAO UMB DOS CULTOS AFRO BRAS    09051810 000008
10231987175000168916200163100    000020815                    000208150000000000000109                     I0120815     31081800000000035003410000017N080518104700000000000103108180000000000000000000000000000000000000000100007324399738JACANA MONTEIRO DO AMARAL               RUA: MESQUITA Nº 573 - SAO ROQUE       QUEIMADOS - 23310170QUEIMADOS      RJUNIAO UMB DOS CULTOS AFRO BRAS    31081810 000009
10231987175000168916200163100    000020814                    000208140000000000000109                     I0120814     31071800000000035003410000017N080518104700000000000103107180000000000000000000000000000000000000000100007324399738JACANA MONTEIRO DO AMARAL               RUA: MESQUITA Nº 573 - SAO ROQUE       QUEIMADOS - 23310170QUEIMADOS      RJUNIAO UMB DOS CULTOS AFRO BRAS    31071810 000010
10231987175000168916200163100    000020813                    000208130000000000000109                     I0120813     30061800000000035003410000017N080518104700000000000103006180000000000000000000000000000000000000000100007324399738JACANA MONTEIRO DO AMARAL               RUA: MESQUITA Nº 573 - SAO ROQUE       QUEIMADOS - 23310170QUEIMADOS      RJUNIAO UMB DOS CULTOS AFRO BRAS    30061810 000011
10231987175000168916200163100    000015354                    000153540000000000000109                     I3415354     30061800000000035003410000017N070518104700000000000103006180000000000000000000000000000000000000000100070175225753LEDA FERREIRA FIGUEIREDO                O MESMO                                 O MESMO     21331420RIO DE JANEIRO RJUNIAO UMB DOS CULTOS AFRO BRAS    30061810 000012
10231987175000168916200163100    000014648                    000146480000000000000109                     I0214648     30061800000000035003410000017N070518104700000000000103006180000000000000000000000000000000000000000100007062360767IVONETE GOMES DOS SANTOS                AVENIDA PORTO DA MADAME, 555            GRADIM - SAO24431310SAO GONCALO    RJUNIAO UMB DOS CULTOS AFRO BRAS    30061810 000013
10231987175000168916200163100    000014643                    000146430000000000000109                     I0214643     30061800000000035003410000017N070518104700000000000103006180000000000000000000000000000000000000000200000000001778VANIA MEDEIROS COUTINHO                 RUA TEREZA, LOTE 4 QUADRA 4             PARQUE SUECI25245470BELFORD ROXO   RJUNIAO UMB DOS CULTOS AFRO BRAS    30061810 000014
10231987175000168916200163100    000014410                    000144100000000000000109                     I0214410     20041800000000070003410000017N170418104700000000000102004180000000000000000000000000000000000000000100057316600772ESTELA FERREIRA                         AVENIDA BORIS, 321                      MUTONDO  - S24422730SAO GONCALO    RJUNIAO UMB DOS CULTOS AFRO BRAS    20041810 000015
10231987175000168916200163100    00008906                     000089060000000000000109                     I028906      31011800000000035003410000017N020118104700000000000103101180000000000000000000000000000000000000000100000446671754JUSSARA MATHIAS TEIXEIRA                RUA VEREADOR OSVALDO MARCONDES N 106    JOSE BONIFAC25515380SAO JOAO DE MERRJUNIAO UMB DOS CULTOS AFRO BRAS    31011810 000016
9                                                                                                                                                                                                                                                                                                                                                                                                         000017
