01REMESSA01COBRANCA       916200163100        União Umb dos Cultos Afro Bra341BANCO ITAU SA  040118                                                                                                                                                                                                                                                                                                      000001
10231987175000168916200163100    00008762                     000087620000000000000109                     I018762      31011800000000035003410000017N020118050900000000000103101180000000000000000000000000000000000000000100008679284769ANA PAULA DA SILVA BRAGA                RUA ELVIRA DA FONSECA, 149 CASA 1 FUNDOSTANQUE - JAC22733150RIO DE JANEIRO RJUNIAO UMB DOS CULTOS AFRO BRAS    31011810 000002
10231987175000168916200163100    00008761                     000087610000000000000109                     I018761      31011800000000035003410000017N020118050900000000000103101180000000000000000000000000000000000000000100000939178729ANA LUCIA LIMA DA SILVA                 RUA ESTADOS UNIDOS LT 20 E 21 QD 276    JD PARQUE ES26064300RIO DE JANEIRO RJUNIAO UMB DOS CULTOS AFRO BRAS    31011810 000003
10231987175000168916200163100    00008760                     000087600000000000000109                     I018760      31011800000000035003410000017N020118050900000000000103101180000000000000000000000000000000000000000100061172413720ELVIRA CRISTINA DE OLIVEIRA             RUA JOSE DOS REIS, 2265 BLOCO 3 APTO 103INHAUMA - RJ20760245RIO DE JANEIRO RJUNIAO UMB DOS CULTOS AFRO BRAS    31011810 000004
10231987175000168916200163100    00008759                     000087590000000000000109                     I018759      31011800000000035003410000017N020118050900000000000103101180000000000000000000000000000000000000000100069963979704MARIA CECILIA MOREIRA FIGUEIRE          RUA DO JOGO DA BOLA, 74                 SAUDE - RIO 20081170RIO DE JANEIRO RJUNIAO UMB DOS CULTOS AFRO BRAS    31011810 000005
10231987175000168916200163100    00008758                     000087580000000000000109                     I018758      31011800000000035003410000017N020118050900000000000103101180000000000000000000000000000000000000000100014662958725LUAN HENRIQUE MONTEIRO                  ESTRADA DO PARAISO N 209                CASTELANEA -25635412PETROPOLIS     RJUNIAO UMB DOS CULTOS AFRO BRAS    31011810 000006
10231987175000168916200163100    00008757                     000087570000000000000109                     I018757      31011800000000035003410000017N020118050900000000000103101180000000000000000000000000000000000000000100000934452709ROGERIO DOS SANTOS MAGALHAES            RUA KLEBER SANTOS DE CARVALHO,  QUADRA 2JARDIM IRES 25576261SAO JOAO DE MERRJUNIAO UMB DOS CULTOS AFRO BRAS    31011810 000007
10231987175000168916200163100    00008756                     000087560000000000000109                     I018756      31011800000000035003410000017N020118050900000000000103101180000000000000000000000000000000000000000100036547107787JOAO CARLOS SALERNO                     RUA CAETANO SALERMO, 54 A               ALTO DA SERR25635020PETROPOLIS     RJUNIAO UMB DOS CULTOS AFRO BRAS    31011810 000008
10231987175000168916200163100    00008755                     000087550000000000000109                     I018755      31011800000000035003410000017N020118050900000000000103101180000000000000000000000000000000000000000100071823131700EDNAH PEREIRA DOS SANTOS                TRAVESSA MONTE SERRAT 11                FONSECA - NI24130310NITEROI        RJUNIAO UMB DOS CULTOS AFRO BRAS    31011810 000009
10231987175000168916200163100    00008754                     000087540000000000000109                     I018754      31011800000000035003410000017N020118050900000000000103101180000000000000000000000000000000000000000100004756437710FABIANA DE SOUZA CAMPOS                 RUA SAO RAIMUNDO SN QUADRA 161 LOTE 5 - NOVA IGUACU/26298722RIO DE JANEIRO RJUNIAO UMB DOS CULTOS AFRO BRAS    31011810 000010
10231987175000168916200163100    00008753                     000087530000000000000109                     I018753      31011800000000035003410000017N020118050900000000000103101180000000000000000000000000000000000000000100098194542715MARCIA CRISTINA LEAL DA ROCHA           RUA PADRE ANCHIETA, 42                  ALTO DA SERR25635150PETROPOLIS     RJUNIAO UMB DOS CULTOS AFRO BRAS    31011810 000011
10231987175000168916200163100    00008752                     000087520000000000000109                     I018752      31011800000000035003410000017N020118050900000000000103101180000000000000000000000000000000000000000100050946510725MARIA LUIZA DOS SANTOS                  RUA J QUADRA 4 LOTE 8 FUNDOS            CAMPINHO - R21330735RIO DE JANEIRO RJUNIAO UMB DOS CULTOS AFRO BRAS    31011810 000012
10231987175000168916200163100    00008748                     000087480000000000000109                     I018748      31011800000000035003410000017N020118050900000000000103101180000000000000000000000000000000000000000100008468031780JANAINA QUINTELLA BARROS                RUA TEIXEIRA DE FREITAS, 962            FONSECA - NI24130606NITEROI        RJUNIAO UMB DOS CULTOS AFRO BRAS    31011810 000013
10231987175000168916200163100    00008747                     000087470000000000000109                     I018747      31011800000000035003410000017N020118050900000000000103101180000000000000000000000000000000000000000100002626885738MARIA LUISA DIAS CRUZ                   RUA DIONISIO FERNANDES N 297 BLOCO 2 APTENGENHO DE D20730400RIO DE JANEIRO RJUNIAO UMB DOS CULTOS AFRO BRAS    31011810 000014
10231987175000168916200163100    00008746                     000087460000000000000109                     I018746      31011800000000035003410000017N020118050900000000000103101180000000000000000000000000000000000000000100000581452067VERA LUCIA BATISTA DOS SANTOS           AV PRESD. JUSCELINO KUBISCHECK DE OLIVEIBELFORD ROXO26173515RIO DE JANEIRO RJUNIAO UMB DOS CULTOS AFRO BRAS    31011810 000015
10231987175000168916200163100    00008745                     000087450000000000000109                     I018745      31011800000000035003410000017N020118050900000000000103101180000000000000000000000000000000000000000100033630631720JOSE ANTONIO CERQUEIRA                  RUA MAESTRO VILA LOBOS, 1 APTO 704      TIJUCA - RIO20260220RIO DE JANEIRO RJUNIAO UMB DOS CULTOS AFRO BRAS    31011810 000016
10231987175000168916200163100    00008744                     000087440000000000000109                     I018744      31011800000000035003410000017N020118050900000000000103101180000000000000000000000000000000000000000100011297806786THIAGO PEREIRA DE BRITO                 RUA SAO JANUARIO                        269         24130386NITEROI        RJUNIAO UMB DOS CULTOS AFRO BRAS    31011810 000017
10231987175000168916200163100    00008743                     000087430000000000000109                     I018743      31011800000000035003410000017N020118050900000000000103101180000000000000000000000000000000000000000100003436203750ANDRE HENRIQUE FELICIO DE AZEV          ESTRADA: VELHA DO PIAI Nº 328 B        SEPETIBA - R23530800RIO DE JANEIRO RJUNIAO UMB DOS CULTOS AFRO BRAS    31011810 000018
10231987175000168916200163100    00008742                     000087420000000000000109                     I018742      31011800000000035003410000017N020118050900000000000103101180000000000000000000000000000000000000000100014399025778ALAN MARTINS RIBEIRO                    RUA CACEQUI, 65                         CALIFORNIA -26220150NOVA IGUACU    RJUNIAO UMB DOS CULTOS AFRO BRAS    31011810 000019
10231987175000168916200163100    00008741                     000087410000000000000109                     I018741      31011800000000035003410000017N020118050900000000000103101180000000000000000000000000000000000000000100071115498720CLEVELAND JOSE LOPES JUNIOR             AVENIDA JOAO RIBEIRO, 507 APTO 101  FUNDPILARES - RI20750094RIO DE JANEIRO RJUNIAO UMB DOS CULTOS AFRO BRAS    31011810 000020
10231987175000168916200163100    00008740                     000087400000000000000109                     I018740      31011800000000035003410000017N020118050900000000000103101180000000000000000000000000000000000000000100001647427789SELMA CRISTINA DE HOLANDA PERR          AVENIDA MANAUS, 540                     TRINDADE - S24456320SAO GONCALO    RJUNIAO UMB DOS CULTOS AFRO BRAS    31011810 000021
10231987175000168916200163100    00008739                     000087390000000000000109                     I018739      31011800000000035003410000017N020118050900000000000103101180000000000000000000000000000000000000000100011452515794DEBORAH CHRISTINA DA SILVA CAN          RUA LAZARO MONCEF , 53                  SEPETIBA - R23540190RIO DE JANEIRO RJUNIAO UMB DOS CULTOS AFRO BRAS    31011810 000022
10231987175000168916200163100    00008738                     000087380000000000000109                     I018738      31011800000000035003410000017N020118050900000000000103101180000000000000000000000000000000000000000100085867470768MARIA DE FATIMA VIANA DE OLIVE          RUA FRANCISCO PLACIDO DE JESUS, 52      CAMPOS ELYSE25235040DUQUE DE CAXIASRJUNIAO UMB DOS CULTOS AFRO BRAS    31011810 000023
10231987175000168916200163100    00008737                     000087370000000000000109                     I018737      31011800000000035003410000017N020118050900000000000103101180000000000000000000000000000000000000000100005400397727DENISE ANGELICA DOS SANTOS ROS          RUA SAO DEOGRACIAS, 97                  GUARATIBA - 23036610RIO DE JANEIRO RJUNIAO UMB DOS CULTOS AFRO BRAS    31011810 000024
10231987175000168916200163100    00008736                     000087360000000000000109                     I018736      31011800000000035003410000017N020118050900000000000103101180000000000000000000000000000000000000000100002316322743REGIANE DE LIMA SANTANA SOBRAL          RUA KATAR RECHUAN 534                   GRANDE RIO -25540040SAO JOAO DE MERRJUNIAO UMB DOS CULTOS AFRO BRAS    31011810 000025
10231987175000168916200163100    00008735                     000087350000000000000109                     I018735      31011800000000035003410000017N020118050900000000000103101180000000000000000000000000000000000000000100073885169720MACARIO RODRIGUES DA FONSECA J          RUA GILDA MARIA, 21                     PARQUE FLORA26040820NOVA IGUACU    RJUNIAO UMB DOS CULTOS AFRO BRAS    31011810 000026
10231987175000168916200163100    00008734                     000087340000000000000109                     I018734      31011800000000035003410000017N020118050900000000000103101180000000000000000000000000000000000000000100043599745749VANIA MARIA GOMES PEREIRA               RUA AJAPI, 510 CASA A 2                 COSMOS - RJ 23066420RIO DE JANEIRO RJUNIAO UMB DOS CULTOS AFRO BRAS    31011810 000027
10231987175000168916200163100    00008730                     000087300000000000000109                     I018730      31011800000000035003410000017N020118050900000000000103101180000000000000000000000000000000000000000100001876672765AGUIMAR FERREIRA PIRES                  RUA ZELIO DE MORAES, 435 PARADA 40      SAO GONCALO 24435080SAO GONCALO    RJUNIAO UMB DOS CULTOS AFRO BRAS    31011810 000028
10231987175000168916200163100    00008729                     000087290000000000000109                     I018729      31011800000000035003410000017N020118050900000000000103101180000000000000000000000000000000000000000100002387294785ANDREA CONDOR GUIMARAES PINHEI          RUA SEBASTIAO DE SOUZA GOUVEA 41        IRAJA  RJ   21235410RIO DE JANEIRO RJUNIAO UMB DOS CULTOS AFRO BRAS    31011810 000029
10231987175000168916200163100    00008728                     000087280000000000000109                     I018728      31011800000000035003410000017N020118050900000000000103101180000000000000000000000000000000000000000100002381411798MARIA RISONETE DE OLIVEIRA SOA          ESTRADA DA COIVARA, 224                 VILA MARIA H25251090DUQUE DE CAXIASRJUNIAO UMB DOS CULTOS AFRO BRAS    31011810 000030
10231987175000168916200163100    00008727                     000087270000000000000109                     I018727      31011800000000035003410000017N020118050900000000000103101180000000000000000000000000000000000000000100090789407787ANA CLAUDIA DOS SANTOS TITO             RUA ONZE LOTE 17 QUADRA 48              PIABETA  MAG23025210RIO DE JANEIRO RJUNIAO UMB DOS CULTOS AFRO BRAS    31011810 000031
10231987175000168916200163100    00008726                     000087260000000000000109                     I018726      31011800000000035003410000017N020118050900000000000103101180000000000000000000000000000000000000000100036213373772DULCINEIA RODRIGUES FEITAL              RUA CARNAUBAIS, 15                      SENADOR VASC23012380RIO DE JANEIRO RJUNIAO UMB DOS CULTOS AFRO BRAS    31011810 000032
10231987175000168916200163100    00008725                     000087250000000000000109                     I018725      31011800000000035003410000017N020118050900000000000103101180000000000000000000000000000000000000000100068863292787MARIA JOSE DA SILVA                     RUA LAVOISIER LOTE 7 QUADRA 121         PARQUE PAULI25261390DUQUE DE CAXIASRJUNIAO UMB DOS CULTOS AFRO BRAS    31011810 000033
10231987175000168916200163100    00008724                     000087240000000000000109                     I018724      31011800000000035003410000017N020118050900000000000103101180000000000000000000000000000000000000000100003421604789MARILEA GUIMARAES CASEMIRO BAR          RUA JAGUARI, 136                        MONTE LIBANO26010450RIO DE JANEIRO RJUNIAO UMB DOS CULTOS AFRO BRAS    31011810 000034
10231987175000168916200163100    00008723                     000087230000000000000109                     I018723      31011800000000035003410000017N020118050900000000000103101180000000000000000000000000000000000000000100000596984707MARGARETH WAMBURG DE SIQUEIRA           RUA SAO FRANCISCO XAVIER, 953           TEL 97262.9720550011RIO DE JANEIRO RJUNIAO UMB DOS CULTOS AFRO BRAS    31011810 000035
10231987175000168916200163100    00008722                     000087220000000000000109                     I018722      31011800000000035003410000017N020118050900000000000103101180000000000000000000000000000000000000000100049007050710AMAURI PAULO RAMOS                      RUA SOMBREIROS, 361                     SANTA RITA -26050830NOVA IGUACU    RJUNIAO UMB DOS CULTOS AFRO BRAS    31011810 000036
10231987175000168916200163100    00008721                     000087210000000000000109                     I018721      31011800000000035003410000017N020118050900000000000103101180000000000000000000000000000000000000000100057252700763WALDENILDA BORGES RAMOS ALVES           RUA NILO CAIRO, 11 CASA 2               PARAISO - SA24431590SAO GONCALO    RJUNIAO UMB DOS CULTOS AFRO BRAS    31011810 000037
10231987175000168916200163100    00008720                     000087200000000000000109                     I018720      31011800000000035003410000017N020118050900000000000103101180000000000000000000000000000000000000000100034194924720DELSON ANDRE DO NASCIMENTO              RUA TRES, 152                           CORUMBA - NO26033530NOVA IGUACU    RJUNIAO UMB DOS CULTOS AFRO BRAS    31011810 000038
9                                                                                                                                                                                                                                                                                                                                                                                                         000039
