01REMESSA01COBRANCA       916200163100        União Umb dos Cultos Afro Bra341BANCO ITAU SA  190219                                                                                                                                                                                                                                                                                                      000001
10231987175000168916200163100    000039653                    000396530000000000000109                     I0239653     11021900000000050003410000017N260119104700000000000101102190000000000000000000000000000000000000000100007485965778GRACIETE LEAO TANGUA                    RUA ROBERTO RANGEL LIMAN 0, LOTE 16 QUADMAURI - PIAB25915000MAGE           RJUNIAO UMB DOS CULTOS AFRO BRAS    11021910 000002
10231987175000168916200163100    000039603                    000396030000000000000109                     I0239603     25011900000000035003410000017N170119104700000000000102501190000000000000000000000000000000000000000100069852219715GREIZI DE CARVALHO CARVALHAES           RUA BUENOS AIRESN 531,                  JARDIM PERNA26275390NOVA IGUACU    RJUNIAO UMB DOS CULTOS AFRO BRAS    25011910 000003
10231987175000168916200163100    000039585                    000395850000000000000109                     I0239585     25011900000000350003410000017N160119104700000000000102501190000000000000000000000000000000000000000100000919377793JOSE IVAN MARCELINO FILHO               RUA ERNANE PEREIRAN 5,                  CARLOS SAMPA26089115NOVA IGUACU    RJUNIAO UMB DOS CULTOS AFRO BRAS    25011910 000004
10231987175000168916200163100    000039575                    000395750000000000000109                     I0239575     18011900000000035003410000017N150119104700000000000101801190000000000000000000000000000000000000000100002846505608DIONE ROSA FERNANDES                    RUA ERNESTINA N 56,                     LINS DE VASC20710000RIO DE JANEIRO RJUNIAO UMB DOS CULTOS AFRO BRAS    18011910 000005
10231987175000168916200163100    000039518                    000395180000000000000109                     I0239518     25011900000000080003410000017N090119104700000000000102501190000000000000000000000000000000000000000100077294653704RICARDO JOSE LIMA LINHARES              RUA SAO DINIZ N 26, CASA 4 APTº 201    ESTACIO     20250250RIO DE JANEIRO RJUNIAO UMB DOS CULTOS AFRO BRAS    25011910 000006
10231987175000168916200163100    000039517                    000395170000000000000109                     I0239517     22011900000000400003410000017N090119104700000000000102201190000000000000000000000000000000000000000100066220254791ROSANGELA MARTINS DA SILVA              RUA ANTONIO VARGASN 156, CASA 27        PIEDADE     20751360RIO DE JANEIRO RJUNIAO UMB DOS CULTOS AFRO BRAS    22011910 000007
10231987175000168916200163100    000039510                    000395100000000000000109                     I0239510     15011900000000175003410000017N080119104700000000000101501190000000000000000000000000000000000000000100093265883787ROSANGELA BARBOSA DE CARVALHO           RUA DA USINAN 651,                      PARQUE LEOPO21815180RIO DE JANEIRO RJUNIAO UMB DOS CULTOS AFRO BRAS    15011910 000008
10231987175000168916200163100    000039506                    000395060000000000000109                     I0239506     11011900000000385003410000017N080119104700000000000101101190000000000000000000000000000000000000000100087318822772REGINA CLIMAS DE ABREU                  RUA JOAO MARTINS DE BARROSN 0, LOTE 25 QBATAILLARD  25675150PETROPOLIS     RJUNIAO UMB DOS CULTOS AFRO BRAS    11011910 000009
10231987175000168916200163100    000039505                    000395050000000000000109                     I0239505     11011900000000315003410000017N080119104700000000000101101190000000000000000000000000000000000000000100081632746700LEILA DOS SANTOS SILVA                  RUA VIRGILIO BRIGIDON 369,              CAMPO GRANDE23045805RIO DE JANEIRO RJUNIAO UMB DOS CULTOS AFRO BRAS    11011910 000010
10231987175000168916200163100    000039504                    000395040000000000000109                     I0239504     11011900000000035003410000017N080119104700000000000101101190000000000000000000000000000000000000000100081632746700LEILA DOS SANTOS SILVA                  RUA VIRGILIO BRIGIDON 369,              CAMPO GRANDE23045805RIO DE JANEIRO RJUNIAO UMB DOS CULTOS AFRO BRAS    11011910 000011
10231987175000168916200163100    000039500                    000395000000000000000109                     I0239500     30011900000000400003410000017N070119104700000000000103001190000000000000000000000000000000000000000100054447445700THEREZA SARAIVA BRAGANCA                RUA: PORTO WALTERN 17, FUNDOS           PIEDADE     21380440RIO DE JANEIRO RJUNIAO UMB DOS CULTOS AFRO BRAS    30011910 000012
10231987175000168916200163100    000039499                    000394990000000000000109                     I0239499     30011900000000350003410000017N070119104700000000000103001190000000000000000000000000000000000000000100008158166776CRISTIANE DE ALMEIDA DA ROCHA           RUA JOANA RESENDE N 28,                 MADUREIRA   21360430RIO DE JANEIRO RJUNIAO UMB DOS CULTOS AFRO BRAS    30011910 000013
10231987175000168916200163100    000039493                    000394930000000000000109                     I0239493     30011900000000700003410000017N040119104700000000000103001190000000000000000000000000000000000000000100000361715730MARCOS DIAS VALE                        RUA DAS FLORESN 29,                     IPIRANGA    26293450NOVA IGUACU    RJUNIAO UMB DOS CULTOS AFRO BRAS    30011910 000014
10231987175000168916200163100    000039483                    000394830000000000000109                     I0239483     11011900000000350003410000017N040119104700000000000101101190000000000000000000000000000000000000000100081473885787CELIA DA SILVA ALEXANDRE                AVENIDA MARECHAL FONTENELE N 4311, RUA SMAGALHAES BA21750000RIO DE JANEIRO RJUNIAO UMB DOS CULTOS AFRO BRAS    11011910 000015
10231987175000168916200163100    000039482                    000394820000000000000109                     I0239482     08011900000000040003410000017N040119104700000000000100801190000000000000000000000000000000000000000100081994699787MARCIA HELENA CORREIA DE LIMA           RUA FRANCISCO ALENCARN 37,              SEPETIBA    23530540RIO DE JANEIRO RJUNIAO UMB DOS CULTOS AFRO BRAS    08011910 000016
10231987175000168916200163100    000039471                    000394710000000000000109                     I0239471     07011900000000035003410000017N030119104700000000000100701190000000000000000000000000000000000000000100009060523784MARTA ANJOS PEREIRA DO NASCIME          AVENIDA DOM HELDER CAMARAN 855, BLOCO 25BENFICA     20973011RIO DE JANEIRO RJUNIAO UMB DOS CULTOS AFRO BRAS    07011910 000017
10231987175000168916200163100    000039465                    000394650000000000000109                     I0239465     10011900000000105003410000017N030119104700000000000101001190000000000000000000000000000000000000000100064915026787MARTINA SELMA DA COSTA                  RUA: BUCARESTEN 0, LOTE 27 QUADRA 79    VILA CENTRAL26316136QUEIMADOS      RJUNIAO UMB DOS CULTOS AFRO BRAS    10011910 000018
10231987175000168916200163100    000039461                    000394610000000000000109                     I0239461     07011900000000070003410000017N030119104700000000000100701190000000000000000000000000000000000000000100055055753749MARIA LUCIA BENJAMIN DE FREITA          RUA GONZAGA BASTOS N 209, BLOCO B APT 50TIJUCA      20541000RIO DE JANEIRO RJUNIAO UMB DOS CULTOS AFRO BRAS    07011910 000019
10231987175000168916200163100    000039442                    000394420000000000000109                     I0239442     04011900000000040003410000017N020119104700000000000100401190000000000000000000000000000000000000000100052889378772ANGELA MARIA DA SILVA ANDRADE           RUA WILSON GIL DA MATTAN 240, CASA 3    CENTRO      25515101SAO JOAO DE MERRJUNIAO UMB DOS CULTOS AFRO BRAS    04011910 000020
10231987175000168916200163100    000039435                    000394350000000000000109                     I0239435     31011900000000040003410000017N020119104700000000000103101190000000000000000000000000000000000000000100007717387735VALNICE DA SILVA RODRIGUES MEN          TRAVESSA NOVEN 35, BNH                  VILA VELHA (25912185MAGE           RJUNIAO UMB DOS CULTOS AFRO BRAS    31011910 000021
10231987175000168916200163100    000039428                    000394280000000000000109                     I0239428     30011900000000700003410000017N281218104700000000000103001190000000000000000000000000000000000000000100002097498736JANE TANY                               RUA ESPIRITO SANTO N 155,               COREIA      26556340MESQUITA       RJUNIAO UMB DOS CULTOS AFRO BRAS    30011910 000022
10231987175000168916200163100    000039423                    000394230000000000000109                     I0239423     10011900000000035003410000017N281218104700000000000101001190000000000000000000000000000000000000000100037109294749ELIETE DE OLIVEIRA FONSECA              RUA DO SOSSEGON 1137, FUNDOS            GUARATIBA   23035380RIO DE JANEIRO RJUNIAO UMB DOS CULTOS AFRO BRAS    10011910 000023
10231987175000168916200163100    000039422                    000394220000000000000109                     I0239422     31121800000000040003410000017N281218104700000000000103112180000000000000000000000000000000000000000100008379116720ALLAN SOUZA PEREIRA FERREIRA            BECO DOS SONHOSN 9,                     SANTA CRUZ  23591400RIO DE JANEIRO RJUNIAO UMB DOS CULTOS AFRO BRAS    31121810 000024
10231987175000168916200163100    000039418                    000394180000000000000109                     I0239418     02011900000000080003410000017N271218104700000000000100201190000000000000000000000000000000000000000100058657231700IMPERALINA OLIVEIRA COSTA               AVENIDA MIGUEL COUTO N 75,              PARQUE LAFAI25025505DUQUE DE CAXIASRJUNIAO UMB DOS CULTOS AFRO BRAS    02011910 000025
10231987175000168916200163100    000039417                    000394170000000000000109                     I0239417     31121800000000040003410000017N271218104700000000000103112180000000000000000000000000000000000000000100010083312790EDINALDO FELIX DA SILVA                 RUA POJUCA N 174, CASA 3                ZUMBI       21930180ILHA DO GOVERNARJUNIAO UMB DOS CULTOS AFRO BRAS    31121810 000026
10231987175000168916200163100    000039416                    000394160000000000000109                     I0239416     02011900000000350003410000017N271218104700000000000100201190000000000000000000000000000000000000000100024391573768RENATO SILVA HOTTZ                      RUA GENERAL PEREIRA DA SILVA N 302, APT ICARAI      24220031NITEROI        RJUNIAO UMB DOS CULTOS AFRO BRAS    02011910 000027
10231987175000168916200163100    000039415                    000394150000000000000109                     I0239415     15011900000000385003410000017N271218104700000000000101501190000000000000000000000000000000000000000100099941120749ERNELIA DA SILVA                        RUA JOSE BEZZ N 23, LOTE 299 QUADRA 9   GABRIEL UM  24856172ITABORAI       RJUNIAO UMB DOS CULTOS AFRO BRAS    15011910 000028
10231987175000168916200163100    000039414                    000394140000000000000109                     I0239414     15011900000000245003410000017N271218104700000000000101501190000000000000000000000000000000000000000100000446671754JUSSARA MATHIAS TEIXEIRA                RUA VEREADOR OSVALDO MARCONDES N 106,   JOSE BONIFAC25515380SAO JOAO DE MERRJUNIAO UMB DOS CULTOS AFRO BRAS    15011910 000029
10231987175000168916200163100    000039413                    000394130000000000000109                     I0239413     15011900000000525003410000017N271218104700000000000101501190000000000000000000000000000000000000000100000092416713LOURDES GONCALVES DA SILVA CAB          RUA GUATEMALAN 467, CASA 1 FRENTE       PENHA CIRCUL21020170RIO DE JANEIRO RJUNIAO UMB DOS CULTOS AFRO BRAS    15011910 000030
10231987175000168916200163100    000039412                    000394120000000000000109                     I0239412     15011900000000315003410000017N271218104700000000000101501190000000000000000000000000000000000000000100008267557717MARCIA REGINA FELIPE DE SOUZA           RUA: ARARIN 433, BLOCO 32 APTº 401     PADRE MIGUEL21875260RIO DE JANEIRO RJUNIAO UMB DOS CULTOS AFRO BRAS    15011910 000031
10231987175000168916200163100    000039411                    000394110000000000000109                     I0239411     15011900000000735003410000017N271218104700000000000101501190000000000000000000000000000000000000000100006932718766CARLOS EDUARDO DE OLIVEIRA              TRAVESSA CARLOS SAMPAIO N 0, QUADRA 2 LOAUSTIN      26087287NOVA IGUACU    RJUNIAO UMB DOS CULTOS AFRO BRAS    15011910 000032
10231987175000168916200163100    000039409                    000394090000000000000109                     I0239409     15011900000000175003410000017N271218104700000000000101501190000000000000000000000000000000000000000100040215326768ANTONIO JOAQUIM DOS SANTOS FIL          RUA SAO FRANCISCON 137,                 SEROPEDICA  23890000RIO DE JANEIRO RJUNIAO UMB DOS CULTOS AFRO BRAS    15011910 000033
10231987175000168916200163100    000039408                    000394080000000000000109                     I0239408     15011900000000175003410000017N271218104700000000000101501190000000000000000000000000000000000000000100007039849771MARCIA SILVA DOS SANTOS FALCAO          ESTRADA: DA BARREIRAN 577,              CENTRO      25946070GUAPIMIRIM     RJUNIAO UMB DOS CULTOS AFRO BRAS    15011910 000034
10231987175000168916200163100    000039407                    000394070000000000000109                     I0239407     15011900000000105003410000017N271218104700000000000101501190000000000000000000000000000000000000000100079583490768ZILDA VICENTE DA SILVA                  RUA MARIA COSTA CORREAN 129, QUADRA E   APOLO 2     24800000ITABORAI       RJUNIAO UMB DOS CULTOS AFRO BRAS    15011910 000035
10231987175000168916200163100    000039406                    000394060000000000000109                     I0239406     15011900000000210003410000017N271218104700000000000101501190000000000000000000000000000000000000000100000022042741ARACI AMELIA DA SILVA RIBEIRO           RUA: ALIPIO GOMES DOS SANTOS N 493,     JARDIM AMERI27340230BARRA DO PIRAI RJUNIAO UMB DOS CULTOS AFRO BRAS    15011910 000036
10231987175000168916200163100    000033631                    000336310000000000000109                     I0233631     15011900000000210003410000017N201218104700000000000101501190000000000000000000000000000000000000000100005836497770SIDEAN LEANDRO DOS SANTOS CRUZ          RUA MENDES RIBEIRON 696,                PATRONATO   24431635SAO GONCALO    RJUNIAO UMB DOS CULTOS AFRO BRAS    15011910 000037
10231987175000168916200163100    000033629                    000336290000000000000109                     I0233629     10011900000000200003410000017N201218104700000000000101001190000000000000000000000000000000000000000100064561968768EUCLIDALINA MARIA DOS SANTOS V          RUA CAPANEMAN 0, LOTE 17 QUADRA 313     PARADA MORAB25265080DUQUE DE CAXIASRJUNIAO UMB DOS CULTOS AFRO BRAS    10011910 000038
10231987175000168916200163100    000033628                    000336280000000000000109                     I0233628     21121800000000350003410000017N201218104700000000000102112180000000000000000000000000000000000000000100001898047774ELISABETH SANTOS PEREIRA                RUA CN 0, LOTE 12 QAUDRA 7 CASA 3 - SOBRVILA SERRANA25935302MAGE           RJUNIAO UMB DOS CULTOS AFRO BRAS    21121810 000039
10231987175000168916200163100    000033625                    000336250000000000000109                     I0233625     31121800000000350003410000017N191218104700000000000103112180000000000000000000000000000000000000000100001050327780MARIA LUCIA DE FATIMA FERREIRA          RUA BUDAPESTEN 172, CASA 2              BANCARIOS - 21911300RIO DE JANEIRO RJUNIAO UMB DOS CULTOS AFRO BRAS    31121810 000040
10231987175000168916200163100    000033622                    000336220000000000000109                     I0233622     15011900000000350003410000017N191218104700000000000101501190000000000000000000000000000000000000000100001649750714CRISTIANE JOSE DA SILVA                 AVENIDA: CALOMBEN 0, LOTE 24 QUADRA 6   PARQUE ELDOR25231020DUQUE DE CAXIASRJUNIAO UMB DOS CULTOS AFRO BRAS    15011910 000041
10231987175000168916200163100    000033620                    000336200000000000000109                     I0233620     04011900000000035003410000017N191218104700000000000100401190000000000000000000000000000000000000000100001649750714CRISTIANE JOSE DA SILVA                 AVENIDA: CALOMBEN 0, LOTE 24 QUADRA 6   PARQUE ELDOR25231020DUQUE DE CAXIASRJUNIAO UMB DOS CULTOS AFRO BRAS    04011910 000042
10231987175000168916200163100    000033619                    000336190000000000000109                     I0233619     31121800000000350003410000017N191218104700000000000103112180000000000000000000000000000000000000000100064250121704ANGELA MARIA BRAZ MANHAES               RUA JUTAIN 0,  LOTE 20 QUADRA 151       PERIQUITO   25025290DUQUE DE CAXIASRJUNIAO UMB DOS CULTOS AFRO BRAS    31121810 000043
10231987175000168916200163100    000033618                    000336180000000000000109                     I0233618     15011900000000350003410000017N191218104700000000000101501190000000000000000000000000000000000000000100049660632720MARINETE SANTOS DE OLIVEIRA             AVENIDA SANTA CRUZN 8804,               SENADOR CAMA23010003RIO DE JANEIRO RJUNIAO UMB DOS CULTOS AFRO BRAS    15011910 000044
10231987175000168916200163100    000033614                    000336140000000000000109                     I0233614     31121800000000035003410000017N191218104700000000000103112180000000000000000000000000000000000000000100046858229787IOLANDA CUSTODIA DA ROSA                RUA CLODOMIR LUCAS DOS REIS N 14,       JACAREPAGUA 22713562RIO DE JANEIRO RJUNIAO UMB DOS CULTOS AFRO BRAS    31121810 000045
10231987175000168916200163100    000033613                    000336130000000000000109                     I0233613     07011900000000385003410000017N191218104700000000000100701190000000000000000000000000000000000000000100008267557717MARCIA REGINA FELIPE DE SOUZA           RUA: ARARIN 433, BLOCO 32 APTº 401     PADRE MIGUEL21875260RIO DE JANEIRO RJUNIAO UMB DOS CULTOS AFRO BRAS    07011910 000046
10231987175000168916200163100    000033607                    000336070000000000000109                     I0233607     15011900000000350003410000017N181218104700000000000101501190000000000000000000000000000000000000000100003549035780CARLOS ALBERTO DA SILVA SANTOS          RUA MARIA SENA MOREIRA N 218,           INCONFIDENCI26085060NOVA IGUACU    RJUNIAO UMB DOS CULTOS AFRO BRAS    15011910 000047
10231987175000168916200163100    000033604                    000336040000000000000109                     I0233604     30121800000000035003410000017N181218104700000000000103012180000000000000000000000000000000000000000100080728774704NERIANA SILVA DO CARMO                  RUA AREAL N 262,                        SEPETIBA    23535730RIO DE JANEIRO RJUNIAO UMB DOS CULTOS AFRO BRAS    30121810 000048
10231987175000168916200163100    000033596                    000335960000000000000109                     I0233596     21121800000000350003410000017N171218104700000000000102112180000000000000000000000000000000000000000100092053050730SONIA MARIA RODRIGUES LONTRA M          TRAVESSA TITO RABELO N 120,             CAMPO GRANDE23017245RIO DE JANEIRO RJUNIAO UMB DOS CULTOS AFRO BRAS    21121810 000049
10231987175000168916200163100    000033594                    000335940000000000000109                     I0233594     10011900000000500003410000017N171218104700000000000101001190000000000000000000000000000000000000000100005932478764GABRIEL HAUSSMAM DA SILVA               RUA C N 293, APT 304                    PARQUE DAS I27211020VOLTA REDONDA  RJUNIAO UMB DOS CULTOS AFRO BRAS    10011910 000050
10231987175000168916200163100    000033591                    000335910000000000000109                     I0233591     24121800000000380003410000017N171218104700000000000102412180000000000000000000000000000000000000000100044845251787REGINA CELIA ALMEIDA BASTOS             RUA NELSON PAIXAO N 103,                PAVUNA      21532360RIO DE JANEIRO RJUNIAO UMB DOS CULTOS AFRO BRAS    24121810 000051
10231987175000168916200163100    000033590                    000335900000000000000109                     I0233590     24121800000000040003410000017N171218104700000000000102412180000000000000000000000000000000000000000100044845251787REGINA CELIA ALMEIDA BASTOS             RUA NELSON PAIXAO N 103,                PAVUNA      21532360RIO DE JANEIRO RJUNIAO UMB DOS CULTOS AFRO BRAS    24121810 000052
10231987175000168916200163100    000033588                    000335880000000000000109                     I0233588     31121800000000245003410000017N171218104700000000000103112180000000000000000000000000000000000000000100012113754711ANDREZA SALDANHA DA CRUZ                RUA DA MINAN 0, LOTE 3 QUADRA 30        HELIOPOLIS  26125550BELFORD ROXO   RJUNIAO UMB DOS CULTOS AFRO BRAS    31121810 000053
10231987175000168916200163100    000033582                    000335820000000000000109                     I0233582     08011900000000100003410000017N151218104700000000000100801190000000000000000000000000000000000000000100005646881773DEBORA LINS                             RUA KARLAN 0, LOTE 24 QUADRA 3          VALE DO IPE 26182330BELFORD ROXO   RJUNIAO UMB DOS CULTOS AFRO BRAS    08011910 000054
10231987175000168916200163100    000033573                    000335730000000000000109                     I0233573     20121800000000070003410000017N131218104700000000000102012180000000000000000000000000000000000000000100000022042741ARACI AMELIA DA SILVA RIBEIRO           RUA: ALIPIO GOMES DOS SANTOS N 493,     JARDIM AMERI27340230BARRA DO PIRAI RJUNIAO UMB DOS CULTOS AFRO BRAS    20121810 000055
10231987175000168916200163100    000033572                    000335720000000000000109                     I0233572     20121800000000140003410000017N131218104700000000000102012180000000000000000000000000000000000000000100000022042741ARACI AMELIA DA SILVA RIBEIRO           RUA: ALIPIO GOMES DOS SANTOS N 493,     JARDIM AMERI27340230BARRA DO PIRAI RJUNIAO UMB DOS CULTOS AFRO BRAS    20121810 000056
10231987175000168916200163100    000033553                    000335530000000000000109                     I0233553     20121800000000350003410000017N111218104700000000000102012180000000000000000000000000000000000000000100001637031750MARISA INEZ ALONSO CARDOSO              RUA CONSELHEIRO AGOSTINHON 55, APARTAMENCACHAMBI    20770160RIO DE JANEIRO RJUNIAO UMB DOS CULTOS AFRO BRAS    20121810 000057
10231987175000168916200163100    000033552                    000335520000000000000109                     I0233552     10011900000000700003410000017N101218104700000000000101001190000000000000000000000000000000000000000100088193160720VALMIR DE OLIVEIRA GOMES                ESTRADA PORTO NACIONALN 257, CASA       BANGU       21870380RIO DE JANEIRO RJUNIAO UMB DOS CULTOS AFRO BRAS    10011910 000058
10231987175000168916200163100    000033551                    000335510000000000000109                     I0233551     10011900000000350003410000017N101218104700000000000101001190000000000000000000000000000000000000000100050246534753TANIA MARIA DA SILVA OLIVEIRA           TRAVESSA MARAJON 1002,                  LINDO PARQUE24420100SAO GONCALO    RJUNIAO UMB DOS CULTOS AFRO BRAS    10011910 000059
10231987175000168916200163100    000033550                    000335500000000000000109                     I0233550     10011900000000600003410000017N071218104700000000000101001190000000000000000000000000000000000000000100010124204775PAULO RICARDO DE OLIVEIRA FALC          RUA: DAS FLORES N 277, FUNDOS           CENTRO      25740020PETROPOLIS     RJUNIAO UMB DOS CULTOS AFRO BRAS    10011910 000060
10231987175000168916200163100    000033549                    000335490000000000000109                     I0233549     30121800000000350003410000017N071218104700000000000103012180000000000000000000000000000000000000000100005948651746DIOGO RODRIGUES DOS SANTOS              RUA PETER LUNDN 38, BLOCO 1 APT 407     SAO CRISTOVA20930390RIO DE JANEIRO RJUNIAO UMB DOS CULTOS AFRO BRAS    30121810 000061
10231987175000168916200163100    000033541                    000335410000000000000109                     I0233541     20121800000000035003410000017N061218104700000000000102012180000000000000000000000000000000000000000100082272964753ALBANO TEIXEIRA NOVAES FILHO            RUA: NASCENTEN 88,                      JARDIM ALVOR26265550NOVA IGUACU    RJUNIAO UMB DOS CULTOS AFRO BRAS    20121810 000062
10231987175000168916200163100    000028621                    000286210000000000000109                     I0228621     20121800000000035003410000017N310818104700000000000102012180000000000000000000000000000000000000000100008560350764EMANUELE DE FARIA CARVALHO DOS          RUA FLORESTA DO SULN 33,                GUARATIBA   23028512RIO DE JANEIRO RJUNIAO UMB DOS CULTOS AFRO BRAS    20121810 000063
9                                                                                                                                                                                                                                                                                                                                                                                                         000064
