01REMESSA01COBRANCA       916200163100        União Umb dos Cultos Afro Bra341BANCO ITAU SA  090118                                                                                                                                                                                                                                                                                                      000001
10231987175000168916200163100    00008777                     000087770000000000000109                     I028777      31011800000000035003410000017N020118050900000000000103101180000000000000000000000000000000000000000100086450328304ANA MARIA SOUZA MACIEL                  RUA DOUTOR ANTONIO LEAL, 42             HONORIO GURG21511070RIO DE JANEIRO RJUNIAO UMB DOS CULTOS AFRO BRAS    31011810 000002
10231987175000168916200163100    00008670                     000086700000000000000109                     I028670      31011800000000035003410000017N020118050900000000000103101180000000000000000000000000000000000000000100085778351704MARIA NILZA DA SILVA                    RUA OTAVIO TARQUINO DE SOUZA, 158 E 160 TANQUE - RIO22733140RIO DE JANEIRO RJUNIAO UMB DOS CULTOS AFRO BRAS    31011810 000003
10231987175000168916200163100    00008596                     000085960000000000000109                     I028596      31011800000000035003410000017N020118050900000000000103101180000000000000000000000000000000000000000100034663240763GUARACI FRANCISCO RIBEIRO               RUA: ASTRAL Nº 63 - ROSA DOS VENTOS    NOVA IGUACU 26276070NOVA IGUACU    RJUNIAO UMB DOS CULTOS AFRO BRAS    31011810 000004
10231987175000168916200163100    00004370                     000043700000000000000109                     I024370      22121700000000350003410000017N171117050900000000000102212170000000000000000000000000000000000000000100093130864768SOLANGE GERMANO DA COSTA                RUA URUCUIA N 689 CASA 1                VILA VALQUEI21321310RIO DE JANEIRO RJUNIAO UMB DOS CULTOS AFRO BRAS    22121710 000005
10231987175000168916200163100    00004185                     000041850000000000000109                     I024185      22121700000000350003410000017N171117050900000000000102212170000000000000000000000000000000000000000100052282171772SONIA MARIA DOS SANTOS                  RUA MIDA, 13 QUADRA I                   RIACHAO - NO26084050NOVA IGUACU    RJUNIAO UMB DOS CULTOS AFRO BRAS    22121710 000006
10231987175000168916200163100    00002730                     000027300000000000000109                     I022730      31121700000000035003410000017N131117050900000000000103112170000000000000000000000000000000000000000100052282171772SONIA MARIA DOS SANTOS                  RUA MIDA, 13 QUADRA I                   RIACHAO - NO26084050NOVA IGUACU    RJUNIAO UMB DOS CULTOS AFRO BRAS    31121710 000007
9                                                                                                                                                                                                                                                                                                                                                                                                         000008
