01REMESSA01COBRANCA       916200163100        União Umb dos Cultos Afro Bra341BANCO ITAU SA  040118                                                                                                                                                                                                                                                                                                      000001
10231987175000168916200163100    00008593                     000085930000000000000109                     I018593      31011800000000035003410000017N020118050900000000000103101180000000000000000000000000000000000000000100081628811749MAURO JOSE DE AZEVEDO FALCAO            RUA: LEOPOLDO MACHADO Nº 121 - BOA ESPENOVA IGUACU 26130680NOVA IGUACU    RJUNIAO UMB DOS CULTOS AFRO BRAS    31011810 000002
10231987175000168916200163100    00008592                     000085920000000000000109                     I018592      31011800000000035003410000017N020118050900000000000103101180000000000000000000000000000000000000000100000905106741RICARDO DE SOUZA GOUVEA                 RUA: DOS ARAUJO - PARQUE FLUMINENSE     BELFOR ROXO 26185260BELFOR ROXO    RJUNIAO UMB DOS CULTOS AFRO BRAS    31011810 000003
10231987175000168916200163100    00008591                     000085910000000000000109                     I018591      31011800000000035003410000017N020118050900000000000103101180000000000000000000000000000000000000000100065138210700TANIA CRISTINA DOS SANTOS PERE          RUA: BOM JARDIM Nº 521                 GRAMACHO - D25035060DUQUE DE CAXIASRJUNIAO UMB DOS CULTOS AFRO BRAS    31011810 000004
10231987175000168916200163100    00008590                     000085900000000000000109                     I018590      31011800000000035003410000017N020118050900000000000103101180000000000000000000000000000000000000000100071056319709LAURECI DOS SANTOS                      RUA BERNARDO MONTEIRO, LOTE 7 QUADRA 157JD OLAVO BIL25025320DUQUE DE CAXIASRJUNIAO UMB DOS CULTOS AFRO BRAS    31011810 000005
10231987175000168916200163100    00008586                     000085860000000000000109                     I018586      31011800000000035003410000017N020118050900000000000103101180000000000000000000000000000000000000000100001402504764ANTONIA PAULO DINIZ                     RUA C, LOTE 3 QUADRA C                  SARACURUNA -25000000DUQUE DE CAXIASRJUNIAO UMB DOS CULTOS AFRO BRAS    31011810 000006
10231987175000168916200163100    00008584                     000085840000000000000109                     I018584      31011800000000035003410000017N020118050900000000000103101180000000000000000000000000000000000000000100001798819732RITA MARIA VIANNA                       RUA IPAMERI, 236                        CORDOVIL - R21012175RIO DE JANEIRO RJUNIAO UMB DOS CULTOS AFRO BRAS    31011810 000007
10231987175000168916200163100    00008583                     000085830000000000000109                     I018583      31011800000000035003410000017N020118050900000000000103101180000000000000000000000000000000000000000100078815428704LUZINETE PINHO DE SA                    ESTRADA: MANOEL FERREIRA CAMPAR Nº 1311POSSE - NOVA26021060NOVA IGUACU    RJUNIAO UMB DOS CULTOS AFRO BRAS    31011810 000008
10231987175000168916200163100    00008581                     000085810000000000000109                     I018581      31011800000000035003410000017N020118050900000000000103101180000000000000000000000000000000000000000100000911446710NELI MONTEIRO DE CASTRO                 RUA ROMILDO Nº 139 - VAZ MARTINS       NOVA IGUACU 20051040RIO DE JANEIRO RJUNIAO UMB DOS CULTOS AFRO BRAS    31011810 000009
10231987175000168916200163100    00008580                     000085800000000000000109                     I018580      31011800000000035003410000017N020118050900000000000103101180000000000000000000000000000000000000000100079469825772VICTOR FRANCISCO PEREIRA NETO           RUA YZ 2 LT 7,8,9 QDRA 27 B/ JD ANHANGA DUQUE DE CAX25036290DUQUE DE CAXIASRJUNIAO UMB DOS CULTOS AFRO BRAS    31011810 000010
10231987175000168916200163100    00008579                     000085790000000000000109                     I018579      31011800000000035003410000017N020118050900000000000103101180000000000000000000000000000000000000000100004751333747CARLOS EDUARDO DE SOUZA ALVES           RUA: URANOS Nº 563                     BONSUCESSO -21060070RIO DE JANEIRO RJUNIAO UMB DOS CULTOS AFRO BRAS    31011810 000011
10231987175000168916200163100    00008578                     000085780000000000000109                     I018578      31011800000000035003410000017N020118050900000000000103101180000000000000000000000000000000000000000100087683431753MARINEIDE DOS SANTOS GUIMARAES          RUA: ERNESTO CARDOSO Nº 1436 - CHATUBA CENTRO - NIL26521450NILOPOLIS      RJUNIAO UMB DOS CULTOS AFRO BRAS    31011810 000012
10231987175000168916200163100    00008577                     000085770000000000000109                     I018577      31011800000000035003410000017N020118050900000000000103101180000000000000000000000000000000000000000100007446571721ANDREA GUEDES PINHEIRO GOMES            RUA CATARINA SANTANA  169               CABUCU      26341490NILOPOLIS      RJUNIAO UMB DOS CULTOS AFRO BRAS    31011810 000013
10231987175000168916200163100    00008576                     000085760000000000000109                     I018576      31011800000000035003410000017N020118050900000000000103101180000000000000000000000000000000000000000100000939896796SHIRLEI ARAUJO DO CARMO RODRIG          O MESMO                                 O MESMO     21532170RIO DE JANEIRO RJUNIAO UMB DOS CULTOS AFRO BRAS    31011810 000014
10231987175000168916200163100    00008575                     000085750000000000000109                     I018575      31011800000000035003410000017N020118050900000000000103101180000000000000000000000000000000000000000100074192523787RUTH DE OLIVEIRA RAMOS                  O MESMO                                 O MESMO     23028210RIO DE JANEIRO RJUNIAO UMB DOS CULTOS AFRO BRAS    31011810 000015
10231987175000168916200163100    00008574                     000085740000000000000109                     I018574      31011800000000035003410000017N020118050900000000000103101180000000000000000000000000000000000000000100054196159753FRANCISCA DAVI DE OLIVEIRA              AVENIDA GILKA MACHADO Nº 152           RECREIO DO B22795570RIO DE JANEIRO RJUNIAO UMB DOS CULTOS AFRO BRAS    31011810 000016
10231987175000168916200163100    00008573                     000085730000000000000109                     I018573      31011800000000035003410000017N020118050900000000000103101180000000000000000000000000000000000000000100053699394700UBIRAJARA PEREIRA FRANCO                AV. BRASIL 17191 BLOCO 35 APTº 2002    IRAJA       21230240RIO DE JANEIRO RJUNIAO UMB DOS CULTOS AFRO BRAS    31011810 000017
10231987175000168916200163100    00008572                     000085720000000000000109                     I018572      31011800000000035003410000017N020118050900000000000103101180000000000000000000000000000000000000000100030011370700HELENA CAVALCANTE MARQUES               RUA DOUTOR PASSOS Nº 35 FUNDOS         MADUREIRA - 21310160RIO DE JANEIRO RJUNIAO UMB DOS CULTOS AFRO BRAS    31011810 000018
10231987175000168916200163100    00008571                     000085710000000000000109                     I018571      31011800000000035003410000017N020118050900000000000103101180000000000000000000000000000000000000000100093431619720GUILHERME LUIZ BASILIO                  RUA, BARAO DO BOM RETIRO Nº 556 FUNDOS ENGENHO NOVO20551140RIO DE JANEIRO RJUNIAO UMB DOS CULTOS AFRO BRAS    31011810 000019
10231987175000168916200163100    00008570                     000085700000000000000109                     I018570      31011800000000035003410000017N020118050900000000000103101180000000000000000000000000000000000000000100010078178797ALINE CORREA SOUZA                      AVENIDA PILAR DO SUL LOTE 42 QUADRA 23  GUARATIBA - 23033160RIO DE JANEIRO RJUNIAO UMB DOS CULTOS AFRO BRAS    31011810 000020
10231987175000168916200163100    00008569                     000085690000000000000109                     I018569      31011800000000035003410000017N020118050900000000000103101180000000000000000000000000000000000000000100073871729787RENATO GOMES SILVA                      RUA JURIPIRANGA LOTE 18 QUADRA 129      COSMOS - RIO23060020RIO DE JANEIRO RJUNIAO UMB DOS CULTOS AFRO BRAS    31011810 000021
10231987175000168916200163100    00008568                     000085680000000000000109                     I018568      31011800000000035003410000017N020118050900000000000103101180000000000000000000000000000000000000000100083441271734NAELSON MAGALHAES DE AVELLAR            RUA ONZE LOTE 1 CASA 1                  GUANDU L - S23560778SANTA CRUZ     RJUNIAO UMB DOS CULTOS AFRO BRAS    31011810 000022
10231987175000168916200163100    00008567                     000085670000000000000109                     I018567      31011800000000035003410000017N020118050900000000000103101180000000000000000000000000000000000000000100010084300728RODRIGO ALVES DE PINHO                  RUA JOVITA FEITOSA N 131                VILA SAO JUD25243570DUQUE DE CAXIASRJUNIAO UMB DOS CULTOS AFRO BRAS    31011810 000023
10231987175000168916200163100    00008566                     000085660000000000000109                     I018566      31011800000000035003410000017N020118050900000000000103101180000000000000000000000000000000000000000100060052830730PAULO CESAR BARRETO ALVES               RUA ANGELO DOS REIS N 207 FUNDOS        USINA - ALTO20531010RIO DE JANEIRO RJUNIAO UMB DOS CULTOS AFRO BRAS    31011810 000024
10231987175000168916200163100    00008565                     000085650000000000000109                     I018565      31011800000000035003410000017N020118050900000000000103101180000000000000000000000000000000000000000100000615134742CONCEICAO DE SOUZA CAPITANO             RUA MECA N 103 - SAO BENEDITO           SAO BENEDITO26022540NOVA IGUACU    RJUNIAO UMB DOS CULTOS AFRO BRAS    31011810 000025
10231987175000168916200163100    00008563                     000085630000000000000109                     I018563      31011800000000035003410000017N020118050900000000000103101180000000000000000000000000000000000000000100001192135750CREUZA MARIA DA CONCEICAO               RUA BENEDITO LACERDA N 320              VILA CORCUND23071340CAMPO GRANDE   RJUNIAO UMB DOS CULTOS AFRO BRAS    31011810 000026
10231987175000168916200163100    00008561                     000085610000000000000109                     I018561      31011800000000035003410000017N020118050900000000000103101180000000000000000000000000000000000000000100066053560715CELSO IZIDORO FELIX                     RUA AGAI N 1254 FUNDOS                  JARDIM PALMA23065620SANTA CRUZ     RJUNIAO UMB DOS CULTOS AFRO BRAS    31011810 000027
10231987175000168916200163100    00008560                     000085600000000000000109                     I018560      31011800000000035003410000017N020118050900000000000103101180000000000000000000000000000000000000000100070421609753DERIVALDA DE JESUS MOREIRA              AVENIDA OSWALDO CRUZ N 55 APT 101       CENTRO - NIL26530100NILOPOLIS      RJUNIAO UMB DOS CULTOS AFRO BRAS    31011810 000028
10231987175000168916200163100    00008559                     000085590000000000000109                     I018559      31011800000000035003410000017N020118050900000000000103101180000000000000000000000000000000000000000100071741798787JAILTON DA SILVA VIEIRA                 RUA DA GAVEA N 3911                     VILA LEOPOLD25060300DUQUE DE CAXIASRJUNIAO UMB DOS CULTOS AFRO BRAS    31011810 000029
10231987175000168916200163100    00008558                     000085580000000000000109                     I018558      31011800000000035003410000017N020118050900000000000103101180000000000000000000000000000000000000000100069876207768JUREMA DIONISIO RODRIGUES               RUA CARLOS OLIMPIO DE MELLO N 59 CASA 1 PACIENCIA - 23585160RIO DE JANEIRO RJUNIAO UMB DOS CULTOS AFRO BRAS    31011810 000030
10231987175000168916200163100    00008557                     000085570000000000000109                     I018557      31011800000000035003410000017N020118050900000000000103101180000000000000000000000000000000000000000100001859792707REGIS GOMES DE OLIVEIRA                 AVENIDA DO CANAL N 54 - CONDOMINIO VALE ALBUQUERQUE 25976560TERESOPOLIS    RJUNIAO UMB DOS CULTOS AFRO BRAS    31011810 000031
10231987175000168916200163100    00008556                     000085560000000000000109                     I018556      31011800000000035003410000017N020118050900000000000103101180000000000000000000000000000000000000000100062188739787MARIO MACHADO DA CAMARA BRAZAO          RUA ALDEMAR PAIVA N 138                 BADU - PENDO24320230NITEROI        RJUNIAO UMB DOS CULTOS AFRO BRAS    31011810 000032
10231987175000168916200163100    00008555                     000085550000000000000109                     I018555      31011800000000035003410000017N020118050900000000000103101180000000000000000000000000000000000000000100001037627792FRANCE BATISTA CRESPO                   RUA CAPITAO MACHADO N 604 CASA 4        PRACA SECA -20740230RIO DE JANEIRO RJUNIAO UMB DOS CULTOS AFRO BRAS    31011810 000033
10231987175000168916200163100    00008554                     000085540000000000000109                     I018554      31011800000000035003410000017N020118050900000000000103101180000000000000000000000000000000000000000100000000934798CELSO LINS ROSA (OGAN)                  RUA LAGEADO N 70                        COLEGIO - RI21540680RIO DE JANEIRO RJUNIAO UMB DOS CULTOS AFRO BRAS    31011810 000034
10231987175000168916200163100    00008553                     000085530000000000000109                     I018553      31011800000000035003410000017N020118050900000000000103101180000000000000000000000000000000000000000100001050327780MARIA LUCIA DE FATIMA FERREIRA          RUA BUDAPESTE N 172 CASA 2 - BANCARIOS  BANCARIOS - 21911300RIO DE JANEIRO RJUNIAO UMB DOS CULTOS AFRO BRAS    31011810 000035
10231987175000168916200163100    00008552                     000085520000000000000109                     I018552      31011800000000035003410000017N020118050900000000000103101180000000000000000000000000000000000000000100004765875733BEATRIZ GOMES DEMIRSKY                  AVENIDA MERITI N 1421 APT 201           VILA DA PENH21220201RIO DE JANEIRO RJUNIAO UMB DOS CULTOS AFRO BRAS    31011810 000036
10231987175000168916200163100    00008549                     000085490000000000000109                     I018549      31011800000000035003410000017N020118050900000000000103101180000000000000000000000000000000000000000100007812001725FLAVIA DA ROSA SANTANA                  RUA PEDRO TELES N° 484 CENTRO          CENTRO-SAO J25515030SAO JOAO DE MERRJUNIAO UMB DOS CULTOS AFRO BRAS    31011810 000037
10231987175000168916200163100    00008548                     000085480000000000000109                     I018548      31011800000000035003410000017N020118050900000000000103101180000000000000000000000000000000000000000100000129820750JONAS DE SOUZA FERREIRA                 RUA RIACHO DOCE N 88                    OSWALDO CRUZ21340340RIO DE JANEIRO RJUNIAO UMB DOS CULTOS AFRO BRAS    31011810 000038
10231987175000168916200163100    00008547                     000085470000000000000109                     I018547      31011800000000035003410000017N020118050900000000000103101180000000000000000000000000000000000000000100088407721700CELSO DE OLIVEIRA ALBUQUERQUE           RUA ANHANGUERA LOTE 50 QUADRA 11        SAO BERNARDO26160660BELFORD ROXO   RJUNIAO UMB DOS CULTOS AFRO BRAS    31011810 000039
10231987175000168916200163100    00008545                     000085450000000000000109                     I018545      31011800000000035003410000017N020118050900000000000103101180000000000000000000000000000000000000000100001559752777CLAUDIA DA SILVA FERREIRA ANTO          RUA SAO JOAO N 89                       COSMOS - INH23060720INHOAIBA       RJUNIAO UMB DOS CULTOS AFRO BRAS    31011810 000040
10231987175000168916200163100    00008544                     000085440000000000000109                     I018544      31011800000000035003410000017N020118050900000000000103101180000000000000000000000000000000000000000100003792312762MARCIA REGINA DE SOUZA DA SILV          AVENIDA ALHAMBRA LOTE 12 QUADRA 9       BEL CRIMA - 23045805CAMPO GRANDE   RJUNIAO UMB DOS CULTOS AFRO BRAS    31011810 000041
10231987175000168916200163100    00008542                     000085420000000000000109                     I018542      31011800000000035003410000017N020118050900000000000103101180000000000000000000000000000000000000000100058486496772CELIA DOMINGOS DA SILVA                 RUA JANETE N 461                        BANCO DE ARE26275020MESQUITA       RJUNIAO UMB DOS CULTOS AFRO BRAS    31011810 000042
10231987175000168916200163100    00008541                     000085410000000000000109                     I018541      31011800000000035003410000017N020118050900000000000103101180000000000000000000000000000000000000000100058234110730FRANCISCA ARAUJO VASCONCELOS            AVENIDA CEZARIO DE MELO N 3720 BLOCO 3 ACAMPO GRANDE26051470RIO DE JANEIRO RJUNIAO UMB DOS CULTOS AFRO BRAS    31011810 000043
10231987175000168916200163100    00008540                     000085400000000000000109                     I018540      31011800000000035003410000017N020118050900000000000103101180000000000000000000000000000000000000000100082940983704JURACIARA DA CONCEICAO                  RUA ASSIS VASCONCELOS N 385             PILARES - RI20755010RIO DE JANEIRO RJUNIAO UMB DOS CULTOS AFRO BRAS    31011810 000044
9                                                                                                                                                                                                                                                                                                                                                                                                         000045
