01REMESSA01COBRANCA       916200163100        União Umb dos Cultos Afro Bra341BANCO ITAU SA  040718                                                                                                                                                                                                                                                                                                      000001
10231987175000168916200163100    000021259                    000212590000000000000109                     I0121259     20071800000000035003410000017N040718104700000000000102007180000000000000000000000000000000000000000100033104468753NILZA ALVES CHAROTTA                    RUA LAGUNA N° 83 - NOVA PIAN           CARTA COBR J04610003SAO PAULO      SPUNIAO UMB DOS CULTOS AFRO BRAS    20071810 000002
10231987175000168916200163100    000021258                    000212580000000000000109                     I0121258     20071800000000245003410000017N030718104700000000000102007180000000000000000000000000000000000000000100060158751787CARLOS ALEXANDRE PEREIRA E SOU          RUA BEMPOSTA, S/N CASA 2 LOTE 67 - TAQUABOIUNA - JAC22723320RIO DE JANEIRO RJUNIAO UMB DOS CULTOS AFRO BRAS    20071810 000003
10231987175000168916200163100    000021257                    000212570000000000000109                     I0121257     06071800000000035003410000017N030718104700000000000100607180000000000000000000000000000000000000000100088224228720VERA MARIA DA SILVA                     AVENIDA FARROUPILHA  ANTIGA RUA 6       SAO GONCALO 24722270RIO DE JANEIRO RJUNIAO UMB DOS CULTOS AFRO BRAS    06071810 000004
10231987175000168916200163100    000021256                    000212560000000000000109                     I0121256     15071800000000315003410000017N030718104700000000000101507180000000000000000000000000000000000000000100065196171720MARIA DAS GRACAS OLIVEIRA               RUA FRANCISCO MANOEL, 22                PONTO CHIQUE26032835NOVA IGUACU    RJUNIAO UMB DOS CULTOS AFRO BRAS    15071810 000005
10231987175000168916200163100    000021255                    000212550000000000000109                     I0121255     13071800000000035003410000017N030718104700000000000101307180000000000000000000000000000000000000000100002878076737TANIA NACARI AIRES GALVAO               RUA MORRO DAS FLORAS N 25 - CACUIA      CACUIA - ILH21930440ILHA DO GOVERNARJUNIAO UMB DOS CULTOS AFRO BRAS    13071810 000006
10231987175000168916200163100    000021254                    000212540000000000000109                     I0121254     10071800000000140003410000017N030718104700000000000101007180000000000000000000000000000000000000000100099025078753EVA DE OLIVEIRA LOPES                   ESTRADA SANTO ANTONIO Nº 8             CARTA ANISTI26455280RIO DE JANEIRO RJUNIAO UMB DOS CULTOS AFRO BRAS    10071810 000007
10231987175000168916200163100    000021253                    000212530000000000000109                     I0121253     06071800000000350003410000017N030718104700000000000100607180000000000000000000000000000000000000000100000000000344MONALISA DE ALMEIDA CARVALHO            RUA NOSSA SENHORA DA PAZ N 111          SANTA CECILI26130660BELFORD ROXO   RJUNIAO UMB DOS CULTOS AFRO BRAS    06071810 000008
10231987175000168916200163100    000021252                    000212520000000000000109                     I0121252     20071800000000300003410000017N030718104700000000000102007180000000000000000000000000000000000000000100010426625765ALESSANDRA LAURIANO LIMA DOMIN          RUA PROJETADA N 4                       ANCORA - RIO28899515RIO DAS OSTRAS RJUNIAO UMB DOS CULTOS AFRO BRAS    20071810 000009
10231987175000168916200163100    000021251                    000212510000000000000109                     I0121251     10071800000000035003410000017N030718104700000000000101007180000000000000000000000000000000000000000100092952364753ROSANGELA SILVA SOUZA                   RUA TAMOIOS N 144                       CENTRO - NIL26520250NILOPOLIS      RJUNIAO UMB DOS CULTOS AFRO BRAS    10071810 000010
10231987175000168916200163100    000021250                    000212500000000000000109                     I0121250     31081800000000035003410000017N020718104700000000000103108180000000000000000000000000000000000000000100007782014735TEREZINHA MARIA DOS SANTOS FER          RUA: UM                                 PARQUE PAULI25525260DUQUE DE CAXIASRJUNIAO UMB DOS CULTOS AFRO BRAS    31081810 000011
10231987175000168916200163100    000021079                    000210790000000000000109                     I0221079     30081800000000035003410000017N250518104700000000000103008180000000000000000000000000000000000000000100005363118700VALDECI LIMA DA COSTA                   O MESMO                                 O MESMO     21210420RIO DE JANEIRO RJUNIAO UMB DOS CULTOS AFRO BRAS    30081810 000012
10231987175000168916200163100    000021078                    000210780000000000000109                     I0221078     30071800000000035003410000017N250518104700000000000103007180000000000000000000000000000000000000000100005363118700VALDECI LIMA DA COSTA                   O MESMO                                 O MESMO     21210420RIO DE JANEIRO RJUNIAO UMB DOS CULTOS AFRO BRAS    30071810 000013
10231987175000168916200163100    000021077                    000210770000000000000109                     I0221077     30061800000000035003410000017N250518104700000000000103006180000000000000000000000000000000000000000100005363118700VALDECI LIMA DA COSTA                   O MESMO                                 O MESMO     21210420RIO DE JANEIRO RJUNIAO UMB DOS CULTOS AFRO BRAS    30061810 000014
10231987175000168916200163100    000020805                    000208050000000000000109                     I0220805     30051800000000070003410000017N080518104700000000000103005180000000000000000000000000000000000000000100086374370791IVETE SILVA GOMES                       RUA SEIS LOTE 329                       GEBARA - ITA24867416NITEROI        RJUNIAO UMB DOS CULTOS AFRO BRAS    30051810 000015
10231987175000168916200163100    000020724                    000207240000000000000109                     I0220724     30081800000000035003410000017N070518104700000000000103008180000000000000000000000000000000000000000100003604572746LUCIANA SANTOS DA SILVA DE LIM          RUA MARTINICIA                          PARQUE NOVO 25585110SAO JOAO DE MERRJUNIAO UMB DOS CULTOS AFRO BRAS    30081810 000016
10231987175000168916200163100    000020668                    000206680000000000000109                     I3420668     30081800000000035003410000017N070518104700000000000103008180000000000000000000000000000000000000000100090618254749NELY MOREIRA GOMES                      RUA GOMES CARNEIRO                      SARACURUNA  25211050DUQUE DE CAXIASRJUNIAO UMB DOS CULTOS AFRO BRAS    30081810 000017
10231987175000168916200163100    000020419                    000204190000000000000109                     I0220419     30081800000000035003410000017N070518104700000000000103008180000000000000000000000000000000000000000100040883612704JOAO ROBERTO RAJO SIMOES                RUA QUITO                               PENHA       21020330RIO DE JANEIRO RJUNIAO UMB DOS CULTOS AFRO BRAS    30081810 000018
10231987175000168916200163100    000020331                    000203310000000000000109                     I0220331     30081800000000035003410000017N070518104700000000000103008180000000000000000000000000000000000000000100001055608710IARA DA SILVA REGO                      RUA: ALCOBACA 1333 CASA 1               ANCHIETA - R21645001RIO DE JANEIRO RJUNIAO UMB DOS CULTOS AFRO BRAS    30081810 000019
10231987175000168916200163100    000020308                    000203080000000000000109                     I0220308     30081800000000035003410000017N070518104700000000000103008180000000000000000000000000000000000000000100002051058741CRISTIANE SANTANA GURGEL CORTE          RUA  JONAS AMANCIO                      CAMPO GRANDE20765040RIO DE JANEIRO RJUNIAO UMB DOS CULTOS AFRO BRAS    30081810 000020
10231987175000168916200163100    000019987                    000199870000000000000109                     I0219987     30081800000000035003410000017N070518104700000000000103008180000000000000000000000000000000000000000100052417760797TANIA CRISTINA DOS SANTOS MORE          RUA NOVA ESPANHA, 235 - CAMPO ALEGRE    TRES MARIAS 26292327NOVA IGUACU    RJUNIAO UMB DOS CULTOS AFRO BRAS    30081810 000021
10231987175000168916200163100    000019731                    000197310000000000000109                     I0219731     30081800000000035003410000017N070518104700000000000103008180000000000000000000000000000000000000000100012201569738PAULO CELSO MACHADO JUNIOR              RUA SEIS                                CHACARA INOA24910000MARICA         RJUNIAO UMB DOS CULTOS AFRO BRAS    30081810 000022
10231987175000168916200163100    000019585                    000195850000000000000109                     I0219585     30081800000000035003410000017N070518104700000000000103008180000000000000000000000000000000000000000100000000000344MONALISA DE ALMEIDA CARVALHO            RUA NOSSA SENHORA DA PAZ N 111          SANTA CECILI26130660BELFORD ROXO   RJUNIAO UMB DOS CULTOS AFRO BRAS    30081810 000023
10231987175000168916200163100    000019470                    000194700000000000000109                     I0219470     30081800000000035003410000017N070518104700000000000103008180000000000000000000000000000000000000000100082351376749ALDA LUCIA DA SILVA                     RUA ANTONIO MARINS DE OLIVEIRA, 479     SAO MATEUS -25530000SAO JOAO DE MERRJUNIAO UMB DOS CULTOS AFRO BRAS    30081810 000024
10231987175000168916200163100    000019299                    000192990000000000000109                     I3419299     30081800000000035003410000017N070518104700000000000103008180000000000000000000000000000000000000000100060495901768ANA CRISTINA PAVAO BARONI               RUA TAMANDUATEI, 197                    JARDIM TROPI26012775NOVA IGUACU    RJUNIAO UMB DOS CULTOS AFRO BRAS    30081810 000025
10231987175000168916200163100    000019154                    000191540000000000000109                     I0219154     30071800000000035003410000017N070518104700000000000103007180000000000000000000000000000000000000000100003604572746LUCIANA SANTOS DA SILVA DE LIM          RUA MARTINICIA                          PARQUE NOVO 25585110SAO JOAO DE MERRJUNIAO UMB DOS CULTOS AFRO BRAS    30071810 000026
10231987175000168916200163100    000019098                    000190980000000000000109                     I3419098     30071800000000035003410000017N070518104700000000000103007180000000000000000000000000000000000000000100090618254749NELY MOREIRA GOMES                      RUA GOMES CARNEIRO                      SARACURUNA  25211050DUQUE DE CAXIASRJUNIAO UMB DOS CULTOS AFRO BRAS    30071810 000027
10231987175000168916200163100    000018969                    000189690000000000000109                     I3418969     30071800000000035003410000017N070518104700000000000103007180000000000000000000000000000000000000000100007900227709FLAVIA ARAUJO DA ROCHA SANTOS           RUA MARECHAL AGRICOLA N 186             REALENGO - R21735370RIO DE JANEIRO RJUNIAO UMB DOS CULTOS AFRO BRAS    30071810 000028
10231987175000168916200163100    000018849                    000188490000000000000109                     I0218849     30071800000000035003410000017N070518104700000000000103007180000000000000000000000000000000000000000100040883612704JOAO ROBERTO RAJO SIMOES                RUA QUITO                               PENHA       21020330RIO DE JANEIRO RJUNIAO UMB DOS CULTOS AFRO BRAS    30071810 000029
10231987175000168916200163100    000018810                    000188100000000000000109                     I3418810     30071800000000035003410000017N070518104700000000000103007180000000000000000000000000000000000000000100059680903753TANIA REGINA DOS SANTOS MARQUE          RUA VISCONDE DE MACEIO, 50 - FRENTE     IRAJA - RIO 21235100RIO DE JANEIRO RJUNIAO UMB DOS CULTOS AFRO BRAS    30071810 000030
10231987175000168916200163100    000018761                    000187610000000000000109                     I0218761     30071800000000035003410000017N070518104700000000000103007180000000000000000000000000000000000000000100001055608710IARA DA SILVA REGO                      RUA: ALCOBACA 1333 CASA 1               ANCHIETA - R21645001RIO DE JANEIRO RJUNIAO UMB DOS CULTOS AFRO BRAS    30071810 000031
10231987175000168916200163100    000018738                    000187380000000000000109                     I0218738     30071800000000035003410000017N070518104700000000000103007180000000000000000000000000000000000000000100002051058741CRISTIANE SANTANA GURGEL CORTE          RUA  JONAS AMANCIO                      CAMPO GRANDE20765040RIO DE JANEIRO RJUNIAO UMB DOS CULTOS AFRO BRAS    30071810 000032
10231987175000168916200163100    000018417                    000184170000000000000109                     I0218417     30071800000000035003410000017N070518104700000000000103007180000000000000000000000000000000000000000100052417760797TANIA CRISTINA DOS SANTOS MORE          RUA NOVA ESPANHA, 235 - CAMPO ALEGRE    TRES MARIAS 26292327NOVA IGUACU    RJUNIAO UMB DOS CULTOS AFRO BRAS    30071810 000033
10231987175000168916200163100    000018280                    000182800000000000000109                     I3418280     30071800000000035003410000017N070518104700000000000103007180000000000000000000000000000000000000000100060856467715JANAINA COELHO MELO                     RUA: SANTO APIANO                       IRAJA       21361420RIO DE JANEIRO RJUNIAO UMB DOS CULTOS AFRO BRAS    30071810 000034
10231987175000168916200163100    000018161                    000181610000000000000109                     I0218161     30071800000000035003410000017N070518104700000000000103007180000000000000000000000000000000000000000100012201569738PAULO CELSO MACHADO JUNIOR              RUA SEIS                                CHACARA INOA24910000MARICA         RJUNIAO UMB DOS CULTOS AFRO BRAS    30071810 000035
10231987175000168916200163100    000018063                    000180630000000000000109                     I3418063     30071800000000035003410000017N070518104700000000000103007180000000000000000000000000000000000000000100001057873705ADEMIR ANDRADE CUNHA                    RUA PACHECO DA ROCHA N 636              BENTO RIBEIR21555092RIO DE JANEIRO RJUNIAO UMB DOS CULTOS AFRO BRAS    30071810 000036
10231987175000168916200163100    000018015                    000180150000000000000109                     I0218015     30071800000000035003410000017N070518104700000000000103007180000000000000000000000000000000000000000100000000000344MONALISA DE ALMEIDA CARVALHO            RUA NOSSA SENHORA DA PAZ N 111          SANTA CECILI26130660BELFORD ROXO   RJUNIAO UMB DOS CULTOS AFRO BRAS    30071810 000037
10231987175000168916200163100    000017900                    000179000000000000000109                     I0217900     30071800000000035003410000017N070518104700000000000103007180000000000000000000000000000000000000000100082351376749ALDA LUCIA DA SILVA                     RUA ANTONIO MARINS DE OLIVEIRA, 479     SAO MATEUS -25530000SAO JOAO DE MERRJUNIAO UMB DOS CULTOS AFRO BRAS    30071810 000038
10231987175000168916200163100    000017861                    000178610000000000000109                     I3417861     30071800000000035003410000017N070518104700000000000103007180000000000000000000000000000000000000000100009886046716ANA CRISTINA DE ALMEIDA TRINDA          RUA COTIJUBA N 156                      ROCHA MIRAND21555020RIO DE JANEIRO RJUNIAO UMB DOS CULTOS AFRO BRAS    30071810 000039
10231987175000168916200163100    000017729                    000177290000000000000109                     I3417729     30071800000000035003410000017N070518104700000000000103007180000000000000000000000000000000000000000100060495901768ANA CRISTINA PAVAO BARONI               RUA TAMANDUATEI, 197                    JARDIM TROPI26012775NOVA IGUACU    RJUNIAO UMB DOS CULTOS AFRO BRAS    30071810 000040
10231987175000168916200163100    000016004                    000160040000000000000109                     I3416004     30061800000000035003410000017N070518104700000000000103006180000000000000000000000000000000000000000100085542091768SUELY PEREIRA DA SILVA CALIXTO          RUA LUSITANIA II                        IMBARIE     25266005DUQUE DE CAXIASRJUNIAO UMB DOS CULTOS AFRO BRAS    30061810 000041
10231987175000168916200163100    000015964                    000159640000000000000109                     I0215964     30061800000000035003410000017N070518104700000000000103006180000000000000000000000000000000000000000100003604572746LUCIANA SANTOS DA SILVA DE LIM          RUA MARTINICIA                          PARQUE NOVO 25585110SAO JOAO DE MERRJUNIAO UMB DOS CULTOS AFRO BRAS    30061810 000042
10231987175000168916200163100    000015815                    000158150000000000000109                     I3415815     30061800000000035003410000017N070518104700000000000103006180000000000000000000000000000000000000000100003025076712MARIA QUITERIA DOS SANTOS PITA          RUA MISSIONARIO CHRISTIE N 43 B         QUISSAMA - P25615250PETROPOLIS     RJUNIAO UMB DOS CULTOS AFRO BRAS    30061810 000043
10231987175000168916200163100    000015779                    000157790000000000000109                     I3415779     30061800000000035003410000017N070518104700000000000103006180000000000000000000000000000000000000000100007900227709FLAVIA ARAUJO DA ROCHA SANTOS           RUA MARECHAL AGRICOLA N 186             REALENGO - R21735370RIO DE JANEIRO RJUNIAO UMB DOS CULTOS AFRO BRAS    30061810 000044
10231987175000168916200163100    000015732                    000157320000000000000109                     I3415732     30061800000000035003410000017N070518104700000000000103006180000000000000000000000000000000000000000100093130864768SOLANGE GERMANO DA COSTA                RUA KIRBE N 163                         QUEIMADOS - 21321310RIO DE JANEIRO RJUNIAO UMB DOS CULTOS AFRO BRAS    30061810 000045
10231987175000168916200163100    000015692                    000156920000000000000109                     I3415692     30061800000000035003410000017N070518104700000000000103006180000000000000000000000000000000000000000100002139519752CARLA MARIA DE BRITO DOS SANTO          RUA QUINZE  275 CASA 4                  PARQUE SANTA25271750DUQUE DE CAXIASRJUNIAO UMB DOS CULTOS AFRO BRAS    30061810 000046
10231987175000168916200163100    000015659                    000156590000000000000109                     I0215659     30061800000000035003410000017N070518104700000000000103006180000000000000000000000000000000000000000100040883612704JOAO ROBERTO RAJO SIMOES                RUA QUITO                               PENHA       21020330RIO DE JANEIRO RJUNIAO UMB DOS CULTOS AFRO BRAS    30061810 000047
10231987175000168916200163100    000015620                    000156200000000000000109                     I3415620     30061800000000035003410000017N070518104700000000000103006180000000000000000000000000000000000000000100059680903753TANIA REGINA DOS SANTOS MARQUE          RUA VISCONDE DE MACEIO, 50 - FRENTE     IRAJA - RIO 21235100RIO DE JANEIRO RJUNIAO UMB DOS CULTOS AFRO BRAS    30061810 000048
10231987175000168916200163100    000015571                    000155710000000000000109                     I0215571     30061800000000035003410000017N070518104700000000000103006180000000000000000000000000000000000000000100001055608710IARA DA SILVA REGO                      RUA: ALCOBACA 1333 CASA 1               ANCHIETA - R21645001RIO DE JANEIRO RJUNIAO UMB DOS CULTOS AFRO BRAS    30061810 000049
10231987175000168916200163100    000015566                    000155660000000000000109                     I0215566     30061800000000035003410000017N070518104700000000000103006180000000000000000000000000000000000000000100009979098708WASHINGTON BENTO DA CUNHA               RUA ABAETE                              EDEN        25535180SAO JOAO DE MERRJUNIAO UMB DOS CULTOS AFRO BRAS    30061810 000050
10231987175000168916200163100    000015548                    000155480000000000000109                     I0215548     30061800000000035003410000017N070518104700000000000103006180000000000000000000000000000000000000000100002051058741CRISTIANE SANTANA GURGEL CORTE          RUA  JONAS AMANCIO                      CAMPO GRANDE20765040RIO DE JANEIRO RJUNIAO UMB DOS CULTOS AFRO BRAS    30061810 000051
10231987175000168916200163100    000015425                    000154250000000000000109                     I3415425     30061800000000035003410000017N070518104700000000000103006180000000000000000000000000000000000000000100010591612739ROSEMERE SOUZA DA SILVA                 O MESMO                                 O MESMO     21230354RIO DE JANEIRO RJUNIAO UMB DOS CULTOS AFRO BRAS    30061810 000052
10231987175000168916200163100    000015418                    000154180000000000000109                     I3415418     30061800000000035003410000017N070518104700000000000103006180000000000000000000000000000000000000000100008158166776CRISTIANE DE ALMEIDA DA ROCHA           RUA JOANA RESENDE                       MADUREIRA   21360430RIO DE JANEIRO RJUNIAO UMB DOS CULTOS AFRO BRAS    30061810 000053
10231987175000168916200163100    000015346                    000153460000000000000109                     I0215346     30061800000000035003410000017N070518104700000000000103006180000000000000000000000000000000000000000100002212106793ANTONIO CARLOS DA SILVA GONCAL          RUA: VISCONDE DE NITEROI                SAO CRISTOVA20943000RIO DE JANEIRO RJUNIAO UMB DOS CULTOS AFRO BRAS    30061810 000054
10231987175000168916200163100    000015344                    000153440000000000000109                     I3415344     30061800000000035003410000017N070518104700000000000103006180000000000000000000000000000000000000000100005776594723WALACE RODRIGUES                        ESTRADA: DOS TEIXEIRAS Nº 405, RUA 4 CATAQUARA - JA22723205RIO DE JANEIRO RJUNIAO UMB DOS CULTOS AFRO BRAS    30061810 000055
10231987175000168916200163100    000015287                    000152870000000000000109                     I0215287     10071800000000035003410000017N070518104700000000000101007180000000000000000000000000000000000000000100033104468753NILZA ALVES CHAROTTA                    RUA LAGUNA N° 83 - NOVA PIAN           CARTA COBR J04610003SAO PAULO      SPUNIAO UMB DOS CULTOS AFRO BRAS    10071810 000056
10231987175000168916200163100    000015213                    000152130000000000000109                     I3415213     30061800000000035003410000017N070518104700000000000103006180000000000000000000000000000000000000000100001326484745IRACEMA DE OLIVEIRA ROSA BARBO          RUA CACILDA 127 FUNDOS QUADRA 60        COELHO DA RO25550140SAO JOAO DE MERRJUNIAO UMB DOS CULTOS AFRO BRAS    30061810 000057
10231987175000168916200163100    000015165                    000151650000000000000109                     I3415165     30061800000000035003410000017N070518104700000000000103006180000000000000000000000000000000000000000100007507770796MARIA DO CARMO MENDONCA MATTOS          RUA NAMUR, 325 CASA 3                   VL VALQUEIRE21330600RIO DE JANEIRO RJUNIAO UMB DOS CULTOS AFRO BRAS    30061810 000058
10231987175000168916200163100    000015075                    000150750000000000000109                     I3415075     30061800000000035003410000017N070518104700000000000103006180000000000000000000000000000000000000000100085212091772ADAO DIAS FUNCHAL FILHO                 RUA WALTER FERREIRA, 1752 - SAO FRANCISCMAUA - MAGE 25900000MAGE           RJUNIAO UMB DOS CULTOS AFRO BRAS    30061810 000059
10231987175000168916200163100    000014972                    000149720000000000000109                     I0214972     30061800000000035003410000017N070518104700000000000103006180000000000000000000000000000000000000000100012201569738PAULO CELSO MACHADO JUNIOR              RUA SEIS                                CHACARA INOA24910000MARICA         RJUNIAO UMB DOS CULTOS AFRO BRAS    30061810 000060
10231987175000168916200163100    000014874                    000148740000000000000109                     I3414874     30061800000000035003410000017N070518104700000000000103006180000000000000000000000000000000000000000100001057873705ADEMIR ANDRADE CUNHA                    RUA PACHECO DA ROCHA N 636              BENTO RIBEIR21555092RIO DE JANEIRO RJUNIAO UMB DOS CULTOS AFRO BRAS    30061810 000061
10231987175000168916200163100    000014871                    000148710000000000000109                     I3414871     30061800000000035003410000017N070518104700000000000103006180000000000000000000000000000000000000000100088469212753NEIDE CARVALHO D ANGELO                 RUA GENERAL TRAUMATURGO                 VILA ROSARIO25040010DUQUE DE CAXIASRJUNIAO UMB DOS CULTOS AFRO BRAS    30061810 000062
10231987175000168916200163100    000014826                    000148260000000000000109                     I0214826     30061800000000035003410000017N070518104700000000000103006180000000000000000000000000000000000000000100000000000344MONALISA DE ALMEIDA CARVALHO            RUA NOSSA SENHORA DA PAZ N 111          SANTA CECILI26130660BELFORD ROXO   RJUNIAO UMB DOS CULTOS AFRO BRAS    30061810 000063
10231987175000168916200163100    000014776                    000147760000000000000109                     I3414776     30061800000000035003410000017N070518104700000000000103006180000000000000000000000000000000000000000100071924337720MARIA DAS DORES FERREIRA PESSA          AVENIDA  RAFAEL DE OLIVEIRA  60         GUADALUPE   21675620RIO DE JANEIRO RJUNIAO UMB DOS CULTOS AFRO BRAS    30061810 000064
10231987175000168916200163100    000014711                    000147110000000000000109                     I0214711     30061800000000035003410000017N070518104700000000000103006180000000000000000000000000000000000000000100082351376749ALDA LUCIA DA SILVA                     RUA ANTONIO MARINS DE OLIVEIRA, 479     SAO MATEUS -25530000SAO JOAO DE MERRJUNIAO UMB DOS CULTOS AFRO BRAS    30061810 000065
10231987175000168916200163100    000014566                    000145660000000000000109                     I3414566     30061800000000035003410000017N070518104700000000000103006180000000000000000000000000000000000000000100054571715743VILMA OLIVEIRA DOS SANTOS               RUA CORREIA DIAS, 1066                  VIGARIO GERA21241310RIO DE JANEIRO RJUNIAO UMB DOS CULTOS AFRO BRAS    30061810 000066
10231987175000168916200163100    000014540                    000145400000000000000109                     I3414540     30061800000000035003410000017N070518104700000000000103006180000000000000000000000000000000000000000100060495901768ANA CRISTINA PAVAO BARONI               RUA TAMANDUATEI, 197                    JARDIM TROPI26012775NOVA IGUACU    RJUNIAO UMB DOS CULTOS AFRO BRAS    30061810 000067
9                                                                                                                                                                                                                                                                                                                                                                                                         000068
