01REMESSA01COBRANCA       817800093673        União Umb dos Cultos Afro Bra341BANCO ITAU SA  120118                                                                                                                                                                                                                                                                                                      000001
10231987175000168817800093673    00007074                     000070740000000000000109                     I017074      28021800000000035003410000017N271217050900000000000102802180000000000000000000000000000000000000000100040433307749IARA BARBOSA MACHADO                    RUA SAO FIDELIS SN LOTE 16 QUADRA 25    PRADOS VERDE26299165NOVA IGUACU    RJUNIAO UMB DOS CULTOS AFRO BRAS    28021810 000002
10231987175000168817800093673    00007073                     000070730000000000000109                     I017073      28021800000000035003410000017N271217050900000000000102802180000000000000000000000000000000000000000100005441529723RAQUEL LUCILIA SANTOS RAMOS             AVENIDA DE SANTA CRUZ N 11066           SENADOR VASC23010002RIO DE JANEIRO RJUNIAO UMB DOS CULTOS AFRO BRAS    28021810 000003
10231987175000168817800093673    00007071                     000070710000000000000109                     I017071      28021800000000035003410000017N271217050900000000000102802180000000000000000000000000000000000000000100001968753790ROSANGELA CRISTINA GOULART              RUA LUIZ BATISTA LOPES N 35 - IUCAS     IUCAS - TERE25964240TERESOPOLIS    RJUNIAO UMB DOS CULTOS AFRO BRAS    28021810 000004
10231987175000168817800093673    00007070                     000070700000000000000109                     I017070      28021800000000035003410000017N271217050900000000000102802180000000000000000000000000000000000000000100004274441792ALEXANDER SOUZA DA CUNHA                RUA E PROJETADA SN LOTE 17 QUADRA 20 - SSEPETIBA - R23545003RIO DE JANEIRO RJUNIAO UMB DOS CULTOS AFRO BRAS    28021810 000005
10231987175000168817800093673    00007069                     000070690000000000000109                     I017069      28021800000000035003410000017N271217050900000000000102802180000000000000000000000000000000000000000100007726251743ROSANGELA IZAURINA DOS SANTOS           RUA ENEIAS N 60                         LAGOINHA - N26296552NOVA IGUACU    RJUNIAO UMB DOS CULTOS AFRO BRAS    28021810 000006
10231987175000168817800093673    00007068                     000070680000000000000109                     I017068      28021800000000035003410000017N271217050900000000000102802180000000000000000000000000000000000000000100060774282720ROSANGELA MOURA VALENTE                 RUA CINQUENTA E QUATRO LOTE 38 QUADRA 20JARDIM ATLAN24934220MARICA         RJUNIAO UMB DOS CULTOS AFRO BRAS    28021810 000007
10231987175000168817800093673    00007067                     000070670000000000000109                     I017067      28021800000000035003410000017N271217050900000000000102802180000000000000000000000000000000000000000100001084586797ANA GLORIA NONATO CASTILHO              RUA ANTONIO JOSE DE MORAES N°210 FUNDOSPAVUNA - RJ 25515140RIO DE JANEIRO RJUNIAO UMB DOS CULTOS AFRO BRAS    28021810 000008
10231987175000168817800093673    00006951                     000069510000000000000109                     I016951      28021800000000035003410000017N271217050900000000000102802180000000000000000000000000000000000000000100002415896730ROSIELMA SANTOS SOUZA                   RUA MONDEGO, 78                         RICARDO DE A21665130RIO DE JANEIRO RJUNIAO UMB DOS CULTOS AFRO BRAS    28021810 000009
10231987175000168817800093673    00006950                     000069500000000000000109                     I016950      28021800000000035003410000017N271217050900000000000102802180000000000000000000000000000000000000000100063430773791GERMANO ROSEMBERG                       RUA DOUTOR TABAJARA DE ARAUJO GAMA, 694 PIRATININGA 24350694NITEROI        RJUNIAO UMB DOS CULTOS AFRO BRAS    28021810 000010
10231987175000168817800093673    00006949                     000069490000000000000109                     I016949      28021800000000035003410000017N271217050900000000000102802180000000000000000000000000000000000000000100003003808789ADRIANA LUCIANA DA SILVA                AVENIDA VICENTE DE CARVALHO, 1086, RUA AVICENTE DE C21210024RIO DE JANEIRO RJUNIAO UMB DOS CULTOS AFRO BRAS    28021810 000011
10231987175000168817800093673    00006948                     000069480000000000000109                     I016948      28021800000000035003410000017N271217050900000000000102802180000000000000000000000000000000000000000100008997230719RAIMUNDA DE SOUZA MEDEIROS              RUA ARATICUM, 835 APTO 401              ANIL - JACAR22753500RIO DE JANEIRO RJUNIAO UMB DOS CULTOS AFRO BRAS    28021810 000012
10231987175000168817800093673    00006947                     000069470000000000000109                     I016947      28021800000000035003410000017N271217050900000000000102802180000000000000000000000000000000000000000100001156424712VANUSIA DOS SANTOS MOREIRA              AVENIDA JOAO XXIII, 1900 RUA 25 QUADRA 2SANTA CRUZ -23560352RIO DE JANEIRO RJUNIAO UMB DOS CULTOS AFRO BRAS    28021810 000013
10231987175000168817800093673    00006946                     000069460000000000000109                     I016946      28021800000000035003410000017N271217050900000000000102802180000000000000000000000000000000000000000100095674454787GILVANIA RODRIGUES DE SANTANA           RUA TRAVASSOS, LOTE 4 QUADRA B          PARQUE SAO B26183730BELFORD ROXO   RJUNIAO UMB DOS CULTOS AFRO BRAS    28021810 000014
10231987175000168817800093673    00006945                     000069450000000000000109                     I016945      28021800000000035003410000017N271217050900000000000102802180000000000000000000000000000000000000000100013848361795VICTOR ALEXANDRE MAGHELLY G. D          RUA AQUIBADA, LOTE 25 QUADRA 19         CAMPO ALEGRE26292171NOVA IGUACU    RJUNIAO UMB DOS CULTOS AFRO BRAS    28021810 000015
10231987175000168817800093673    00006944                     000069440000000000000109                     I016944      28021800000000035003410000017N271217050900000000000102802180000000000000000000000000000000000000000100004291405766JACQUELINE ELIZABETH BALTHAZAR          RUA PROFESSOR LACE, 134 APTO 404        RAMOS - RIO 21060120RIO DE JANEIRO RJUNIAO UMB DOS CULTOS AFRO BRAS    28021810 000016
10231987175000168817800093673    00006943                     000069430000000000000109                     I016943      28021800000000035003410000017N271217050900000000000102802180000000000000000000000000000000000000000100095055606720MATILDES VIANA DA COSTA                 RUA MANUEL NOGUEIRA, 312                MUTUA - SAO 24460380SAO GONCALO    RJUNIAO UMB DOS CULTOS AFRO BRAS    28021810 000017
10231987175000168817800093673    00006715                     000067150000000000000109                     I016715      28021800000000035003410000017N271217050900000000000102802180000000000000000000000000000000000000000100011704321743TATIENE DE SOUZA FRANCA DA SIL          RUA: CAMINHO DA ILHA Nº 112            ILHA DE GUAR23020200RIO DE JANEIRO RJUNIAO UMB DOS CULTOS AFRO BRAS    28021810 000018
10231987175000168817800093673    00006714                     000067140000000000000109                     I016714      28021800000000035003410000017N271217050900000000000102802180000000000000000000000000000000000000000100000890225729MARINA DA SILVA ANGELO                  RUA: DOZE LOTE 6 QUADRA 36 FRENTE       ITAMBI - ITA24866456ITABORAI       RJUNIAO UMB DOS CULTOS AFRO BRAS    28021810 000019
10231987175000168817800093673    00006713                     000067130000000000000109                     I016713      28021800000000035003410000017N271217050900000000000102802180000000000000000000000000000000000000000100001343627729RICARDO CADER DA SILVA                  RUA: MONCLARO MENA BARRETO N° 49       VILA VALQUEI22010010RIO DE JANEIRO RJUNIAO UMB DOS CULTOS AFRO BRAS    28021810 000020
10231987175000168817800093673    00006712                     000067120000000000000109                     I016712      28021800000000035003410000017N271217050900000000000102802180000000000000000000000000000000000000000100006193629793ALESSANDRA SANTOS DE OLIVEIRA           AVENIDA: FLEXEIRA N° 1085 - ENGENHEIRO JAPERI - RJ 26413250JAPERI         RJUNIAO UMB DOS CULTOS AFRO BRAS    28021810 000021
10231987175000168817800093673    00006711                     000067110000000000000109                     I016711      28021800000000035003410000017N271217050900000000000102802180000000000000000000000000000000000000000100010026253780NILZA MARIA BERNARDO MATIAS             RUA: MARIA DE ABREU N° 1 - SANTISSIMO  RIO DE JANEI23098050RIO DE JANEIRO RJUNIAO UMB DOS CULTOS AFRO BRAS    28021810 000022
10231987175000168817800093673    00006710                     000067100000000000000109                     I016710      28021800000000035003410000017N271217050900000000000102802180000000000000000000000000000000000000000100001596786760LINDEMBERG DE SOUZA AMARAL              RUA: SACOPAN Nº 98                     BOTAFOGO - N26041480NOVA IGUACU    RJUNIAO UMB DOS CULTOS AFRO BRAS    28021810 000023
10231987175000168817800093673    00006709                     000067090000000000000109                     I016709      28021800000000035003410000017N271217050900000000000102802180000000000000000000000000000000000000000100075874520791MARIA JOSE MELO DA SILVA                RUA SIDNEY, 155 - CONJUNTO BOA ESPERANCAPARAISO - NO26297249NOVA IGUACU    RJUNIAO UMB DOS CULTOS AFRO BRAS    28021810 000024
10231987175000168817800093673    00006708                     000067080000000000000109                     I016708      28021800000000035003410000017N271217050900000000000102802180000000000000000000000000000000000000000100076719588753JULIO CESAR CASTRILON                   RUA: SANTA TEREZINHA Nº 788            MURIQUI - MA23870000MANGARATIBA    RJUNIAO UMB DOS CULTOS AFRO BRAS    28021810 000025
10231987175000168817800093673    00006707                     000067070000000000000109                     I016707      28021800000000035003410000017N271217050900000000000102802180000000000000000000000000000000000000000100002349584720UANDERSON MARTINS DE PAULA              RUA MUNIZ E BARROS Nº 988 APTº 102    MIGUEL PEREI26910000MIGUEL PEREIRA RJUNIAO UMB DOS CULTOS AFRO BRAS    28021810 000026
10231987175000168817800093673    00006706                     000067060000000000000109                     I016706      28021800000000035003410000017N271217050900000000000102802180000000000000000000000000000000000000000100099213133715CLAUDIO LOPES ALBINO                    RUA: MARECHAL AGRICOLA N° 856 CASA 6   REALENGO - R21735370RIO DE JANEIRO RJUNIAO UMB DOS CULTOS AFRO BRAS    28021810 000027
10231987175000168817800093673    00006705                     000067050000000000000109                     I016705      28021800000000035003410000017N271217050900000000000102802180000000000000000000000000000000000000000100008324809759CARLA DA SILVA JUSTINO                  RUA DAS CAMELIAS, QUADRA 12 LOTE 5      PIRANEMA - I23855220ITAGUAI        RJUNIAO UMB DOS CULTOS AFRO BRAS    28021810 000028
10231987175000168817800093673    00006704                     000067040000000000000109                     I016704      28021800000000035003410000017N271217050900000000000102802180000000000000000000000000000000000000000100002480943780HELIA SANTOS DA SILVA DE LIMA           RUA JOSE DE ALENCAR, QUADRA 67 LOTE 5   PRACA DA BAN25560150SAO JOAO DE MERRJUNIAO UMB DOS CULTOS AFRO BRAS    28021810 000029
10231987175000168817800093673    00006654                     000066540000000000000109                     I016654      28021800000000035003410000017N271217050900000000000102802180000000000000000000000000000000000000000100077031714703LEILIANE NOGUEIRA OLIVEIRA              TRAVESSA VINTE E OITO, 6                PARQUE SANTA26115230BELFORD ROXO   RJUNIAO UMB DOS CULTOS AFRO BRAS    28021810 000030
10231987175000168817800093673    00006653                     000066530000000000000109                     I016653      28021800000000035003410000017N271217050900000000000102802180000000000000000000000000000000000000000100081561326704MARCIO ELIAS GONCALVES                  RUA: NOVA Nº 654-A - GUARATIBA         CAMPO GRANDE21820210RIO DE JANEIRO RJUNIAO UMB DOS CULTOS AFRO BRAS    28021810 000031
10231987175000168817800093673    00006652                     000066520000000000000109                     I016652      28021800000000035003410000017N271217050900000000000102802180000000000000000000000000000000000000000100001936810727ALEX SALES ABBAS                        RUA BRASILIA, LOTE 6 QUADRA D CASA 4    COELHO DA RO25507200SAO JOAO DE MERRJUNIAO UMB DOS CULTOS AFRO BRAS    28021810 000032
10231987175000168817800093673    00006651                     000066510000000000000109                     I016651      28021800000000035003410000017N271217050900000000000102802180000000000000000000000000000000000000000100001143711726MARLENE GOMES CAETANO AUGUSTO           RUA JOAQUIM CAETANO, 141                JARDIM ALVOR26261350NOVA IGUACU    RJUNIAO UMB DOS CULTOS AFRO BRAS    28021810 000033
10231987175000168817800093673    00006650                     000066500000000000000109                     I016650      28021800000000035003410000017N271217050900000000000102802180000000000000000000000000000000000000000100075745658720ELIZIETE COIMBRA DE FRANCA              RUA SAO LOURENCO, 99 - SANTA RITA       SANTA RITA -26050630NOVA IGUACU    RJUNIAO UMB DOS CULTOS AFRO BRAS    28021810 000034
10231987175000168817800093673    00006649                     000066490000000000000109                     I016649      28021800000000035003410000017N271217050900000000000102802180000000000000000000000000000000000000000100007326065780MARCELO BORGES DE SOUZA                 RUA PLINIO CASADO, 109 CASA 2           ENGENHOCA - 24110475RIO DE JANEIRO RJUNIAO UMB DOS CULTOS AFRO BRAS    28021810 000035
10231987175000168817800093673    00006648                     000066480000000000000109                     I016648      28021800000000035003410000017N271217050900000000000102802180000000000000000000000000000000000000000100043548628753MARIA SALETTE MATTOSO RODRIGUE          RUA PERNAMBUCO, 1254                    ENCANTADO - 20730030RIO DE JANEIRO RJUNIAO UMB DOS CULTOS AFRO BRAS    28021810 000036
10231987175000168817800093673    00006647                     000066470000000000000109                     I016647      28021800000000035003410000017N271217050900000000000102802180000000000000000000000000000000000000000100007117717742MARCELO VITAL DOMINATO                  RUA ATIBA, 44 FUNDOS - JACARE           CACHAMBI - R20785110RIO DE JANEIRO RJUNIAO UMB DOS CULTOS AFRO BRAS    28021810 000037
10231987175000168817800093673    00006646                     000066460000000000000109                     I016646      28021800000000035003410000017N271217050900000000000102802180000000000000000000000000000000000000000100057232350791NELSON CARNEIRO DA SILVA                RUA MATO GROSSO, 73                     SAPE - NITER24315460NITEROI        RJUNIAO UMB DOS CULTOS AFRO BRAS    28021810 000038
10231987175000168817800093673    00006645                     000066450000000000000109                     I016645      28021800000000035003410000017N271217050900000000000102802180000000000000000000000000000000000000000100001326484745IRACEMA DE OLIVEIRA ROSA BARBO          RUA TOQUIO, 1873                        COELHO DA RO25550140SAO JOAO DE MERRJUNIAO UMB DOS CULTOS AFRO BRAS    28021810 000039
10231987175000168817800093673    00006644                     000066440000000000000109                     I016644      28021800000000035003410000017N271217050900000000000102802180000000000000000000000000000000000000000100087419939772EMANUEL JOSE DOS SANTOS                 RUA MANUEL DE FREITAS, QUADRA D LOTE 10 PANTANAL - D25041500DUQUE CAXIAS   RJUNIAO UMB DOS CULTOS AFRO BRAS    28021810 000040
10231987175000168817800093673    00006643                     000066430000000000000109                     I016643      28021800000000035003410000017N271217050900000000000102802180000000000000000000000000000000000000000100003622363755LUCIENE DA SILVA                        RUA AMADIR LEITE, 106                   JARDIM MONTE26041620NOVA IGUACU    RJUNIAO UMB DOS CULTOS AFRO BRAS    28021810 000041
10231987175000168817800093673    00006642                     000066420000000000000109                     I016642      28021800000000035003410000017N271217050900000000000102802180000000000000000000000000000000000000000100004223999737CLEONICE LIMA NASCIMENTO                O MESMO                                 O MESMO     25267300DUQUE DE CAXIASRJUNIAO UMB DOS CULTOS AFRO BRAS    28021810 000042
10231987175000168817800093673    00006515                     000065150000000000000109                     I016515      28021800000000035003410000017N271217050900000000000102802180000000000000000000000000000000000000000100041402685734ITAMAR DE OLIVEIRA FERREIRA             RUA AGRIPINO DE CAMPOS N 1016           MUTUA - SAO 24461320SAO GONCALO    RJUNIAO UMB DOS CULTOS AFRO BRAS    28021810 000043
10231987175000168817800093673    00006514                     000065140000000000000109                     I016514      28021800000000035003410000017N271217050900000000000102802180000000000000000000000000000000000000000100067160891791ELIZABETH VIEGAS GUALHANO               RUA MARIZ DE BARROS N 272 APT° 302     PRACA DA BAN20785330RIO DE JANEIRO RJUNIAO UMB DOS CULTOS AFRO BRAS    28021810 000044
10231987175000168817800093673    00006513                     000065130000000000000109                     I016513      28021800000000035003410000017N271217050900000000000102802180000000000000000000000000000000000000000100003661917100DUCILENE MADEIRA VIEIRA                 AVENIDA ZELINHA N 362                   JARDIM NAZAR25915000MAGE           RJUNIAO UMB DOS CULTOS AFRO BRAS    28021810 000045
10231987175000168817800093673    00006512                     000065120000000000000109                     I016512      28021800000000035003410000017N271217050900000000000102802180000000000000000000000000000000000000000100068754485720LUCIA DA CONCEICAO GREGORIO             RUA PAULO OLIVEIRA DE CARVALHO N 56     VILA SAO LUI26012510NOVA IGUACU    RJUNIAO UMB DOS CULTOS AFRO BRAS    28021810 000046
10231987175000168817800093673    00006511                     000065110000000000000109                     I016511      28021800000000035003410000017N271217050900000000000102802180000000000000000000000000000000000000000100002167919794ANDERSON CLEI BRANDAO TEIXEIRA          ESTRADA DO CANTAGALO Nº 595 A          CAMPO GRANDE23036440RIO DE JANEIRO RJUNIAO UMB DOS CULTOS AFRO BRAS    28021810 000047
10231987175000168817800093673    00006510                     000065100000000000000109                     I016510      28021800000000035003410000017N271217050900000000000102802180000000000000000000000000000000000000000100008874438770MARCIA MARIA DOS SANTOS                 RUA HENRIQUE VALADARES N 47 APT 506     CENTRO - RJ 20231030RIO DE JANEIRO RJUNIAO UMB DOS CULTOS AFRO BRAS    28021810 000048
10231987175000168817800093673    00006509                     000065090000000000000109                     I016509      28021800000000035003410000017N271217050900000000000102802180000000000000000000000000000000000000000100008083468738WAGNER DE ANDRADE SACRAMENTO            RUA SAGRADO CORACAO DE JESUS 243        NILOPOLIS   26535140NILOPOLIS      RJUNIAO UMB DOS CULTOS AFRO BRAS    28021810 000049
10231987175000168817800093673    00006453                     000064530000000000000109                     I016453      28021800000000035003410000017N271217050900000000000102802180000000000000000000000000000000000000000100007650422747SIDNEI DO VALE FELISBERTO               RUA DESEMBARGADOR MACHADO GUIMARAES, 90 JARDIM TROPI26011110NOVA IGUACU    RJUNIAO UMB DOS CULTOS AFRO BRAS    28021810 000050
10231987175000168817800093673    00006452                     000064520000000000000109                     I016452      28021800000000035003410000017N271217050900000000000102802180000000000000000000000000000000000000000100036257869749IRANI DA SILVA CORREA                   RUA JATAIZINHO, 11 - JARDIM ORIENTAL    SENADOR VASC23012170RIO DE JANEIRO RJUNIAO UMB DOS CULTOS AFRO BRAS    28021810 000051
10231987175000168817800093673    00006451                     000064510000000000000109                     I016451      28021800000000035003410000017N271217050900000000000102802180000000000000000000000000000000000000000100062783203715SORAYA BARROS PINHEIRO                  RUA SANTOS TITARA, 45 APTO 115          TODOS SANTOS20735240RIO DE JANEIRO RJUNIAO UMB DOS CULTOS AFRO BRAS    28021810 000052
10231987175000168817800093673    00006450                     000064500000000000000109                     I016450      28021800000000035003410000017N271217050900000000000102802180000000000000000000000000000000000000000100001457331730MIRIAN ANSELMO DE SOUZA SANTOS          RUA CRISTIANO OTONI, LT 25 QD 1         ALMERINDA - 24740004SAO GONCALO    RJUNIAO UMB DOS CULTOS AFRO BRAS    28021810 000053
10231987175000168817800093673    00006449                     000064490000000000000109                     I016449      28021800000000035003410000017N271217050900000000000102802180000000000000000000000000000000000000000100002603000713DEBORA DOS SANTOS GOES                  O MESMO                                 O MESMO     25268240DUQUE DE CAXIASRJUNIAO UMB DOS CULTOS AFRO BRAS    28021810 000054
10231987175000168817800093673    00006448                     000064480000000000000109                     I016448      28021800000000035003410000017N271217050900000000000102802180000000000000000000000000000000000000000100084703741768LINDALVA PEREIRA DE SOUZA               ESTRADA BARRO VERMELHO, 1366            ROCHA MIRAND21540499RIO DE JANEIRO RJUNIAO UMB DOS CULTOS AFRO BRAS    28021810 000055
10231987175000168817800093673    00006447                     000064470000000000000109                     I016447      28021800000000035003410000017N271217050900000000000102802180000000000000000000000000000000000000000100009400587740PAULO JORGE DA SILVA ABDALA             RUA PIRATININGA, LOTE 1 QUADRA 8        PQUE SAO BER26165435BELFORD ROXO   RJUNIAO UMB DOS CULTOS AFRO BRAS    28021810 000056
10231987175000168817800093673    00006446                     000064460000000000000109                     I016446      28021800000000035003410000017N271217050900000000000102802180000000000000000000000000000000000000000100063553830778WILLIAM RODRIGUES                       ESTRADA OTEIRO SANTO, 1022 CASA 3       TAQUARA - RI22713169RIO DE JANEIRO RJUNIAO UMB DOS CULTOS AFRO BRAS    28021810 000057
10231987175000168817800093673    00006430                     000064300000000000000109                     I016430      28021800000000035003410000017N271217050900000000000102802180000000000000000000000000000000000000000100036386812700VICENCO GEARDINA NETO                   O MESMO                                 O MESMO     26061070NOVA IGUACU    RJUNIAO UMB DOS CULTOS AFRO BRAS    28021810 000058
10231987175000168817800093673    00006429                     000064290000000000000109                     I016429      28021800000000035003410000017N271217050900000000000102802180000000000000000000000000000000000000000100003027226703MARCIO ALVES DOS SANTOS                 RUA ESTUDANTE ELIANE CASTANHEIRA N 874  CENTRO - SAO25510242SAO JOAO DE MERRJUNIAO UMB DOS CULTOS AFRO BRAS    28021810 000059
10231987175000168817800093673    00006428                     000064280000000000000109                     I016428      28021800000000035003410000017N271217050900000000000102802180000000000000000000000000000000000000000100093971087787SUELY DE CASSIA NEVES DA SILVA          RUA ANTONIO JOAQUIM DA SILVA N 49       PARQUE BARRE25581140SAO JOAO DE MERRJUNIAO UMB DOS CULTOS AFRO BRAS    28021810 000060
10231987175000168817800093673    00006427                     000064270000000000000109                     I016427      28021800000000035003410000017N271217050900000000000102802180000000000000000000000000000000000000000100081947712772MARIA COELHO DE LIMA                    O MESMO                                 O MESMO     25040070DUQUE DE CAXIASRJUNIAO UMB DOS CULTOS AFRO BRAS    28021810 000061
10231987175000168817800093673    00006426                     000064260000000000000109                     I016426      28021800000000035003410000017N271217050900000000000102802180000000000000000000000000000000000000000100096252634700PATRICIA BORGES                         O MESMO                                 O MESMO     23530074RIO DE JANEIRO RJUNIAO UMB DOS CULTOS AFRO BRAS    28021810 000062
10231987175000168817800093673    00006425                     000064250000000000000109                     I016425      28021800000000035003410000017N271217050900000000000102802180000000000000000000000000000000000000000100080295576715DOLORES DAS GRACAS ADRIANO DE           RUA SOLDADO PRIM CANES, QUADRA 198 LOTE VILA MAR - G23025420GUARATIBA      RJUNIAO UMB DOS CULTOS AFRO BRAS    28021810 000063
10231987175000168817800093673    00006424                     000064240000000000000109                     I016424      28021800000000035003410000017N271217050900000000000102802180000000000000000000000000000000000000000100001393165745MARCO AURELIO DE BARROS FARIAS          RUA AIROSA GALVAO, 44                   FONSECA - NI24120100NITEROI        RJUNIAO UMB DOS CULTOS AFRO BRAS    28021810 000064
10231987175000168817800093673    00006386                     000063860000000000000109                     I016386      28021800000000035003410000017N271217050900000000000102802180000000000000000000000000000000000000000100001637090765DEBORA VENTURA CESAR                    RUA DOS CONGREGADOS, 105 CASA 2         HELIOPOLIS  26123020RIO DE JANEIRO RJUNIAO UMB DOS CULTOS AFRO BRAS    28021810 000065
10231987175000168817800093673    00006385                     000063850000000000000109                     I016385      28021800000000035003410000017N271217050900000000000102802180000000000000000000000000000000000000000100058446559749CELIA ISRAEL DE OLIVEIRA                RUA CARAVELAS, LOTE 42 QUADRA 77        DR. LAUREANO25051230DUQUE DE CAXIASRJUNIAO UMB DOS CULTOS AFRO BRAS    28021810 000066
10231987175000168817800093673    00006384                     000063840000000000000109                     I016384      28021800000000035003410000017N271217050900000000000102802180000000000000000000000000000000000000000100001925108783HELENA MOREIRA PESSOA                   RUA CAPIVARA, LOTE 639 QUADRA 48        SANTA CRUZ D25260180DUQUE DE CAXIASRJUNIAO UMB DOS CULTOS AFRO BRAS    28021810 000067
10231987175000168817800093673    00006383                     000063830000000000000109                     I016383      28021800000000035003410000017N271217050900000000000102802180000000000000000000000000000000000000000100003756140792LUIZ HENRIQUE DINIZ SIMOES              RUA  BUCARESTE, 833                     VIGARIO GERA21241250RIO DE JANEIRO RJUNIAO UMB DOS CULTOS AFRO BRAS    28021810 000068
10231987175000168817800093673    00006382                     000063820000000000000109                     I016382      28021800000000035003410000017N271217050900000000000102802180000000000000000000000000000000000000000100001783778806MARIA LUIZA FERREIRA GODINHO C          ESTRADA DO BOIUNA, 2620                 TAQUARA - JA22723018RIO DE JANEIRO RJUNIAO UMB DOS CULTOS AFRO BRAS    28021810 000069
10231987175000168817800093673    00006381                     000063810000000000000109                     I016381      28021800000000035003410000017N271217050900000000000102802180000000000000000000000000000000000000000100010058913700RAMON DO NASCIMENTO MANES               RUA LIGIA, 329                          OLARIA - RJ 21073280RIO DE JANEIRO RJUNIAO UMB DOS CULTOS AFRO BRAS    28021810 000070
10231987175000168817800093673    00006380                     000063800000000000000109                     I016380      28021800000000035003410000017N271217050900000000000102802180000000000000000000000000000000000000000100055720277749MARIA DE FATIMA PEREIRA                 RUA CORONEL SEROA DA MOTA, 145          SEPETIBA    23535040RIO DE JANEIRO RJUNIAO UMB DOS CULTOS AFRO BRAS    28021810 000071
10231987175000168817800093673    00006379                     000063790000000000000109                     I016379      28021800000000035003410000017N271217050900000000000102802180000000000000000000000000000000000000000100007474273721CLARINDO DE MEDEIROS                    RUA SAO MARCOS, 145A                    VILAR DOS TE25561220SAO JOAO DE MERRJUNIAO UMB DOS CULTOS AFRO BRAS    28021810 000072
10231987175000168817800093673    00006140                     000061400000000000000109                     I016140      28021800000000035003410000017N271217050900000000000102802180000000000000000000000000000000000000000100084761512768MIRIAN ALVES DE AQUINO MALTOS           RUA ENGENHO DA RAINHA, 252              INHAUMA - RJ20765040RIO DE JANEIRO RJUNIAO UMB DOS CULTOS AFRO BRAS    28021810 000073
10231987175000168817800093673    00006139                     000061390000000000000109                     I016139      28021800000000035003410000017N271217050900000000000102802180000000000000000000000000000000000000000100086919105772FLAVIO DA SILVA BARBOSA                 ESTRADA DO QUAFA, 678 RUA B LOTE 43     SANTISSIMO -23098030RIO DE JANEIRO RJUNIAO UMB DOS CULTOS AFRO BRAS    28021810 000074
10231987175000168817800093673    00006138                     000061380000000000000109                     I016138      28021800000000035003410000017N271217050900000000000102802180000000000000000000000000000000000000000100062444654749NADIA DA CUNHA SANTOS                   ESTRADA DO CAFUNDA, 621                 TAQUARA - JA22725030RIO DE JANEIRO RJUNIAO UMB DOS CULTOS AFRO BRAS    28021810 000075
10231987175000168817800093673    00006137                     000061370000000000000109                     I016137      28021800000000035003410000017N271217050900000000000102802180000000000000000000000000000000000000000100096073276753MARIA JOSE DA SILVA                     RUA MANOEL GAMA, LOTE 142               TOMAZINHO - 25525542SAO JOAO DE MERRJUNIAO UMB DOS CULTOS AFRO BRAS    28021810 000076
10231987175000168817800093673    00006135                     000061350000000000000109                     I016135      28021800000000035003410000017N271217050900000000000102802180000000000000000000000000000000000000000100030995980820JOSE ANACLETO DE LIMA                   RUA FREDI EMANUEL, 144                  JARDIM JASMI26265110NOVA IGUACU    RJUNIAO UMB DOS CULTOS AFRO BRAS    28021810 000077
10231987175000168817800093673    00006134                     000061340000000000000109                     I016134      28021800000000035003410000017N271217050900000000000102802180000000000000000000000000000000000000000100060495901768ANA CRISTINA PAVAO BARONI               RUA TAMANDUATEI, 197                    JARDIM TROPI26012775NOVA IGUACU    RJUNIAO UMB DOS CULTOS AFRO BRAS    28021810 000078
10231987175000168817800093673    00006133                     000061330000000000000109                     I016133      28021800000000035003410000017N271217050900000000000102802180000000000000000000000000000000000000000100001322424780NELY MELIANO DOS SANTOS                 RUA JABOATAO, 50 QUADRA A               VILA ROSARIO25041020DUQUE DE CAXIASRJUNIAO UMB DOS CULTOS AFRO BRAS    28021810 000079
10231987175000168817800093673    00006132                     000061320000000000000109                     I016132      28021800000000035003410000017N271217050900000000000102802180000000000000000000000000000000000000000100000744455707VERA LUCIA CALIXTO DA SILVA             O MESMO                                 O MESMO     27115410BARRA DO PIRAI RJUNIAO UMB DOS CULTOS AFRO BRAS    28021810 000080
10231987175000168817800093673    00006131                     000061310000000000000109                     I016131      28021800000000035003410000017N271217050900000000000102802180000000000000000000000000000000000000000100042959586700GEORGINA COSTA ISABEL                   O MESMO                                 O MESMO     25015350DUQUE DE CAXIASRJUNIAO UMB DOS CULTOS AFRO BRAS    28021810 000081
9                                                                                                                                                                                                                                                                                                                                                                                                         000082
