01REMESSA01COBRANCA       916200163100        União Umb dos Cultos Afro Bra341BANCO ITAU SA  130718                                                                                                                                                                                                                                                                                                      000001
10231987175000168916200163100    000021298                    000212980000000000000109                     I0121298     30081800000000035003410000017N130718104700000000000103008180000000000000000000000000000000000000000100000213766701ROSIVANIA CRUZ DA SILVA                 RUA: ERNANI DE BRITO                    SEPETIBA    23535131RIO DE JANEIRO RJUNIAO UMB DOS CULTOS AFRO BRAS    30081810 000002
10231987175000168916200163100    000021297                    000212970000000000000109                     I0121297     30071800000000035003410000017N130718104700000000000103007180000000000000000000000000000000000000000100000213766701ROSIVANIA CRUZ DA SILVA                 RUA: ERNANI DE BRITO                    SEPETIBA    23535131RIO DE JANEIRO RJUNIAO UMB DOS CULTOS AFRO BRAS    30071810 000003
10231987175000168916200163100    000021296                    000212960000000000000109                     I0121296     20071800000000035003410000017N130718104700000000000102007180000000000000000000000000000000000000000100003436203750ANDRE HENRIQUE FELICIO DE AZEV          ESTRADA: VELHA DO PIAI Nº 328 B        SEPETIBA - R23530800RIO DE JANEIRO RJUNIAO UMB DOS CULTOS AFRO BRAS    20071810 000004
10231987175000168916200163100    000021295                    000212950000000000000109                     I0121295     30071800000000140003410000017N130718104700000000000103007180000000000000000000000000000000000000000100068661533791CARLOS RENNAN CORREIA BORGES            RUA AMERICA DOURADA, LOTE 8 QUADRA 34   CAMPO GRANDE23088240RIO DE JANEIRO RJUNIAO UMB DOS CULTOS AFRO BRAS    30071810 000005
10231987175000168916200163100    000021294                    000212940000000000000109                     I0121294     30081800000000040003410000017N130718104700000000000103008180000000000000000000000000000000000000000100033223190759CELIA DA CONCEICAO RIBEIRO              RUA GENERAL JOSE FAUSTINO               REALENGO    21721050RIO DE JANEIRO RJUNIAO UMB DOS CULTOS AFRO BRAS    30081810 000006
10231987175000168916200163100    000021293                    000212930000000000000109                     I0121293     30081800000000040003410000017N130718104700000000000103008180000000000000000000000000000000000000000100007830594775EMERSON MODESTO SIQUEIRA                RUA MESQUITA                            REALENGO    21721210RIO DE JANEIRO RJUNIAO UMB DOS CULTOS AFRO BRAS    30081810 000007
10231987175000168916200163100    000021292                    000212920000000000000109                     I0121292     30071800000000105003410000017N130718104700000000000103007180000000000000000000000000000000000000000100000000000227MARIA DAS GRACAS MORAIS SOARES          AVENIDA LEANDRO DA MOTA, 865            VILA SAO SEB25065175DUQUE DE CAXIASRJUNIAO UMB DOS CULTOS AFRO BRAS    30071810 000008
10231987175000168916200163100    000021291                    000212910000000000000109                     I0121291     30071800000000035003410000017N130718104700000000000103007180000000000000000000000000000000000000000100000684105730MARIA DARLI BARBOSA                     RUA : DEPUTADO ULISSES GUIMARAES        BRISAMAR    23830000ITAGUAI        RJUNIAO UMB DOS CULTOS AFRO BRAS    30071810 000009
10231987175000168916200163100    000021290                    000212900000000000000109                     I0121290     20071800000000315003410000017N130718104700000000000102007180000000000000000000000000000000000000000100034415688772JORGE FERNANDES BEZERRA                 RUA: LEOCADIA 565                       REALENGO    21770190RIO DE JANEIRO RJUNIAO UMB DOS CULTOS AFRO BRAS    20071810 000010
10231987175000168916200163100    000021289                    000212890000000000000109                     I0121289     30071800000000210003410000017N120718104700000000000103007180000000000000000000000000000000000000000100076658961700BEATRIZ DIAS DO NASCIMENTO              RUA SAO BRUNO                           PENHA       21021160RIO DE JANEIRO RJUNIAO UMB DOS CULTOS AFRO BRAS    30071810 000011
10231987175000168916200163100    000021288                    000212880000000000000109                     I0121288     20071800000000210003410000017N110718104700000000000102007180000000000000000000000000000000000000000100015323972750PEDRO HENRIQUE CARVALHO DA FON          RUA CADETE POLONIA,                     ENGENHO NOVO20961050RIO DE JANEIRO RJUNIAO UMB DOS CULTOS AFRO BRAS    20071810 000012
10231987175000168916200163100    000021287                    000212870000000000000109                     I0121287     30081800000000035003410000017N110718104700000000000103008180000000000000000000000000000000000000000100009350031779TAIS AZEVEDO DOS SANTOS CAMPOS          RUA: CLOTILDE DE OLIVEIRA RODRIGUES     FONSECA     24120170NITEROI        RJUNIAO UMB DOS CULTOS AFRO BRAS    30081810 000013
10231987175000168916200163100    000021286                    000212860000000000000109                     I0221286     30071800000000035003410000017N110718104700000000000103007180000000000000000000000000000000000000000100009350031779TAIS AZEVEDO DOS SANTOS CAMPOS          RUA: CLOTILDE DE OLIVEIRA RODRIGUES     FONSECA     24120170NITEROI        RJUNIAO UMB DOS CULTOS AFRO BRAS    30071810 000014
10231987175000168916200163100    000021285                    000212850000000000000109                     I0121285     30081800000000035003410000017N110718104700000000000103008180000000000000000000000000000000000000000100009329422705FABIO SANTANA DE ANDRADE                RUA: LUIS BRAILE                        VILA SANTA M00000000RIO DE JANEIRO RJUNIAO UMB DOS CULTOS AFRO BRAS    30081810 000015
10231987175000168916200163100    000021284                    000212840000000000000109                     I0121284     30071800000000035003410000017N110718104700000000000103007180000000000000000000000000000000000000000100009329422705FABIO SANTANA DE ANDRADE                RUA: LUIS BRAILE                        VILA SANTA M00000000RIO DE JANEIRO RJUNIAO UMB DOS CULTOS AFRO BRAS    30071810 000016
10231987175000168916200163100    000021283                    000212830000000000000109                     I0121283     30081800000000040003410000017N110718104700000000000103008180000000000000000000000000000000000000000100009297297730FLAVIO JOAQUIM DOS SANTOS               RUA: SAO PAULO                          PALMARES    23585800RIO DE JANEIRO RJUNIAO UMB DOS CULTOS AFRO BRAS    30081810 000017
10231987175000168916200163100    000021282                    000212820000000000000109                     I0121282     30071800000000040003410000017N110718104700000000000103007180000000000000000000000000000000000000000100009297297730FLAVIO JOAQUIM DOS SANTOS               RUA: SAO PAULO                          PALMARES    23585800RIO DE JANEIRO RJUNIAO UMB DOS CULTOS AFRO BRAS    30071810 000018
10231987175000168916200163100    000021281                    000212810000000000000109                     I0121281     23071800000000175003410000017N100718104700000000000102307180000000000000000000000000000000000000000100010016543752ALEXANDRE TEIXEIRA CAVALCANTE           RUA DOUTOR NUNES N 934                  OLARIA - RIO21021370RIO DE JANEIRO RJUNIAO UMB DOS CULTOS AFRO BRAS    23071810 000019
10231987175000168916200163100    000021280                    000212800000000000000109                     I0121280     20071800000000070003410000017N100718104700000000000102007180000000000000000000000000000000000000000200000000007562CONCHETA PERRONI DE SOUZA BRAN          RUA JUSTINO DE SOUSA N 76 CASA 4        SAO CRISTOVA21920030RIO DE JANEIRO RJUNIAO UMB DOS CULTOS AFRO BRAS    20071810 000020
10231987175000168916200163100    000021279                    000212790000000000000109                     I0121279     30081800000000035003410000017N100718104700000000000103008180000000000000000000000000000000000000000100000000012003THYAGO ALBERT MORAES CYRILLO S          O MESMO                                 O MESMO     26157220NOVA IGUACU    RJUNIAO UMB DOS CULTOS AFRO BRAS    30081810 000021
10231987175000168916200163100    000021278                    000212780000000000000109                     I0121278     30071800000000350003410000017N080718104700000000000103007180000000000000000000000000000000000000000100073887145704MARIA LUCIA APOLINARIO                  RUA AMERICO DA ROCHA                    MARECHAL HER21555300RIO DE JANEIRO RJUNIAO UMB DOS CULTOS AFRO BRAS    30071810 000022
10231987175000168916200163100    000021041                    000210410000000000000109                     I0221041     30081800000000035003410000017N220518104700000000000103008180000000000000000000000000000000000000000100027503607734FRANCISCA DA ROCHA TORRES               RUA FERNANDES BASTOS                    IRAJA       21361550RIO DE JANEIRO RJUNIAO UMB DOS CULTOS AFRO BRAS    30081810 000023
10231987175000168916200163100    000021040                    000210400000000000000109                     I0221040     30071800000000035003410000017N220518104700000000000103007180000000000000000000000000000000000000000100027503607734FRANCISCA DA ROCHA TORRES               RUA FERNANDES BASTOS                    IRAJA       21361550RIO DE JANEIRO RJUNIAO UMB DOS CULTOS AFRO BRAS    30071810 000024
10231987175000168916200163100    000021039                    000210390000000000000109                     I0221039     30061800000000035003410000017N220518104700000000000103006180000000000000000000000000000000000000000100027503607734FRANCISCA DA ROCHA TORRES               RUA FERNANDES BASTOS                    IRAJA       21361550RIO DE JANEIRO RJUNIAO UMB DOS CULTOS AFRO BRAS    30061810 000025
10231987175000168916200163100    000020971                    000209710000000000000109                     I3420971     30081800000000035003410000017N100518104700000000000103008180000000000000000000000000000000000000000100059588797791VERONICA FARIAS DA ROCHA                RUA DOMINGOS DE MAGALHAES N 235         MARIA DA GRA20785353RIO DE JANEIRO RJUNIAO UMB DOS CULTOS AFRO BRAS    30081810 000026
10231987175000168916200163100    000020970                    000209700000000000000109                     I3420970     30071800000000035003410000017N100518104700000000000103007180000000000000000000000000000000000000000100059588797791VERONICA FARIAS DA ROCHA                RUA DOMINGOS DE MAGALHAES N 235         MARIA DA GRA20785353RIO DE JANEIRO RJUNIAO UMB DOS CULTOS AFRO BRAS    30071810 000027
10231987175000168916200163100    000020969                    000209690000000000000109                     I3420969     30061800000000035003410000017N100518104700000000000103006180000000000000000000000000000000000000000100059588797791VERONICA FARIAS DA ROCHA                RUA DOMINGOS DE MAGALHAES N 235         MARIA DA GRA20785353RIO DE JANEIRO RJUNIAO UMB DOS CULTOS AFRO BRAS    30061810 000028
10231987175000168916200163100    000020888                    000208880000000000000109                     I0220888     30081800000000035003410000017N100518104700000000000103008180000000000000000000000000000000000000000100054777860787ANA MARIA DE OLIVEIRA COUTO             ESTRADA DA LAGOINHA, LOTE 5 QDA 4       VILA DOS COQ26296306NOVA IGUACU    RJUNIAO UMB DOS CULTOS AFRO BRAS    30081810 000029
10231987175000168916200163100    000020887                    000208870000000000000109                     I0220887     30081800000000035003410000017N100518104700000000000103008180000000000000000000000000000000000000000100074338960744GILBERTO JORGE DA CRUZ ARAUJO           RUA: SAO FRANCISCO XAVIER               TIJUCA - RIO20550010RIO DE JANEIRO RJUNIAO UMB DOS CULTOS AFRO BRAS    30081810 000030
10231987175000168916200163100    000020886                    000208860000000000000109                     I0220886     30071800000000035003410000017N100518104700000000000103007180000000000000000000000000000000000000000100074338960744GILBERTO JORGE DA CRUZ ARAUJO           RUA: SAO FRANCISCO XAVIER               TIJUCA - RIO20550010RIO DE JANEIRO RJUNIAO UMB DOS CULTOS AFRO BRAS    30071810 000031
10231987175000168916200163100    000020885                    000208850000000000000109                     I0220885     30061800000000035003410000017N100518104700000000000103006180000000000000000000000000000000000000000100074338960744GILBERTO JORGE DA CRUZ ARAUJO           RUA: SAO FRANCISCO XAVIER               TIJUCA - RIO20550010RIO DE JANEIRO RJUNIAO UMB DOS CULTOS AFRO BRAS    30061810 000032
10231987175000168916200163100    000020869                    000208690000000000000109                     I0220869     30081800000000035003410000017N100518104700000000000103008180000000000000000000000000000000000000000100006225968881SIDNEI LUIZ PARREIRA                    RUA NINA RIBEIRO, 560                   PAVUNA - RJ 21520290RIO DE JANEIRO RJUNIAO UMB DOS CULTOS AFRO BRAS    30081810 000033
10231987175000168916200163100    000020867                    000208670000000000000109                     I0220867     30071800000000035003410000017N100518104700000000000103007180000000000000000000000000000000000000000100006225968881SIDNEI LUIZ PARREIRA                    RUA NINA RIBEIRO, 560                   PAVUNA - RJ 21520290RIO DE JANEIRO RJUNIAO UMB DOS CULTOS AFRO BRAS    30071810 000034
10231987175000168916200163100    000020866                    000208660000000000000109                     I0220866     30061800000000035003410000017N100518104700000000000103006180000000000000000000000000000000000000000100006225968881SIDNEI LUIZ PARREIRA                    RUA NINA RIBEIRO, 560                   PAVUNA - RJ 21520290RIO DE JANEIRO RJUNIAO UMB DOS CULTOS AFRO BRAS    30061810 000035
10231987175000168916200163100    000020727                    000207270000000000000109                     I0220727     30081800000000035003410000017N070518104700000000000103008180000000000000000000000000000000000000000100001343022738LUCIANA FIGUEIRO COUTINHO DA S          RUA: MANHUACU                           VARGEM GRAND22785600RIO DE JANEIRO RJUNIAO UMB DOS CULTOS AFRO BRAS    30081810 000036
10231987175000168916200163100    000020453                    000204530000000000000109                     I0220453     30081800000000035003410000017N070518104700000000000103008180000000000000000000000000000000000000000100003139923716ANDRE MARQUES POLICARPO                 RUA PIRACANJUBA  LOTE 11 QUADRA 209     JARDIM CATAR24716051SAO GONCALO    RJUNIAO UMB DOS CULTOS AFRO BRAS    30081810 000037
10231987175000168916200163100    000020375                    000203750000000000000109                     I3420375     30081800000000035003410000017N070518104700000000000103008180000000000000000000000000000000000000000100008997230719RAIMUNDA DE SOUZA MEDEIROS              RUA DANIEL MARINHO                      RIO DAS PEDR00000000RIO DE JANEIRO RJUNIAO UMB DOS CULTOS AFRO BRAS    30081810 000038
10231987175000168916200163100    000020357                    000203570000000000000109                     I0220357     30081800000000035003410000017N070518104700000000000103008180000000000000000000000000000000000000000100007730416727ALESSANDRA REGINA DOS ANJOS             RUA: NEVES                              PARQUE TIETE25585380SAO JOAO DE MERRJUNIAO UMB DOS CULTOS AFRO BRAS    30081810 000039
10231987175000168916200163100    000020211                    000202110000000000000109                     I0220211     30081800000000035003410000017N070518104700000000000103008180000000000000000000000000000000000000000100060158751787CARLOS ALEXANDRE PEREIRA E SOU          RUA BEMPOSTA, S/N CASA 2 LOTE 67 - TAQUABOIUNA - JAC22723320RIO DE JANEIRO RJUNIAO UMB DOS CULTOS AFRO BRAS    30081810 000040
10231987175000168916200163100    000020204                    000202040000000000000109                     I0220204     30081800000000035003410000017N070518104700000000000103008180000000000000000000000000000000000000000100000292323760MAURICIO MANTELLI                       AVENIDA GETULIO VARGAS 2589             CENTRO - NIL26525012NILOPOLIS      RJUNIAO UMB DOS CULTOS AFRO BRAS    30081810 000041
10231987175000168916200163100    000020114                    000201140000000000000109                     I3420114     30081800000000035003410000017N070518104700000000000103008180000000000000000000000000000000000000000100070175225753LEDA FERREIRA FIGUEIREDO                O MESMO                                 O MESMO     21331420RIO DE JANEIRO RJUNIAO UMB DOS CULTOS AFRO BRAS    30081810 000042
10231987175000168916200163100    000020075                    000200750000000000000109                     I0220075     30081800000000035003410000017N070518104700000000000103008180000000000000000000000000000000000000000100053207823734HELENICE TEODORO DA SILVA CARV          O MESMO                                 O MESMO     23026010RIO DE JANEIRO RJUNIAO UMB DOS CULTOS AFRO BRAS    30081810 000043
10231987175000168916200163100    000020037                    000200370000000000000109                     I0220037     30081800000000035003410000017N070518104700000000000103008180000000000000000000000000000000000000000100061172413720ELVIRA CRISTINA DE OLIVEIRA             RUA JOSE DOS REIS,                      INHAUMA     20760245RIO DE JANEIRO RJUNIAO UMB DOS CULTOS AFRO BRAS    30081810 000044
10231987175000168916200163100    000019620                    000196200000000000000109                     I3419620     30081800000000035003410000017N070518104700000000000103008180000000000000000000000000000000000000000100018780962572INALVA LAZARO DRUMOND                   AVENIDA MARECHAL RONDON, 2117           RIACHUELO  -20950071RIO DE JANEIRO RJUNIAO UMB DOS CULTOS AFRO BRAS    30081810 000045
10231987175000168916200163100    000019508                    000195080000000000000109                     I0219508     30081800000000035003410000017N070518104700000000000103008180000000000000000000000000000000000000000100093151179720ELIZABETH DA SILVA GOIS                 RUA RAFAEL HAENNY, 2 LOTE 2 QUADRA 4    SEPETIBA - R23535640RIO DE JANEIRO RJUNIAO UMB DOS CULTOS AFRO BRAS    30081810 000046
10231987175000168916200163100    000019370                    000193700000000000000109                     I0219370     30081800000000035003410000017N070518104700000000000103008180000000000000000000000000000000000000000100003026317713RITA DE CASSIA VIEIRA SIMOES F          RUA: CABO SAULO DE VASCONCELOS          JARDIM PALMA23510001RIO DE JANEIRO RJUNIAO UMB DOS CULTOS AFRO BRAS    30081810 000047
10231987175000168916200163100    000019280                    000192800000000000000109                     I3419280     30081800000000035003410000017N070518104700000000000103008180000000000000000000000000000000000000000100048685917700CELIO DO NASCIMENTO                     RUA BORORO Nº 83                       ENGENHO DA R00000000RIO DE JANEIRO RJUNIAO UMB DOS CULTOS AFRO BRAS    30081810 000048
10231987175000168916200163100    000019142                    000191420000000000000109                     I3419142     30071800000000035003410000017N070518104700000000000103007180000000000000000000000000000000000000000100004253784704ALEXANDRE SIMOES NASCIMENTO             RUA SEBASTIAO DRUMOND                   ANCHIETA    21640360RIO DE JANEIRO RJUNIAO UMB DOS CULTOS AFRO BRAS    30071810 000049
10231987175000168916200163100    000018933                    000189330000000000000109                     I3418933     30071800000000035003410000017N070518104700000000000103007180000000000000000000000000000000000000000100000907912745JULIO CESAR FRANCA CORREA               RUA ITAPERUNA N 55                      VILA DE CAVA26056260NOVA IGUACU    RJUNIAO UMB DOS CULTOS AFRO BRAS    30071810 000050
10231987175000168916200163100    000018911                    000189110000000000000109                     I3418911     30071800000000035003410000017N070518104700000000000103007180000000000000000000000000000000000000000100002596844737NANCI BARCELOS MACIEL                   MESMO                                   MESMO       21320030RIO DE JANEIRO RJUNIAO UMB DOS CULTOS AFRO BRAS    30071810 000051
10231987175000168916200163100    000018883                    000188830000000000000109                     I0218883     30071800000000035003410000017N070518104700000000000103007180000000000000000000000000000000000000000100003139923716ANDRE MARQUES POLICARPO                 RUA PIRACANJUBA  LOTE 11 QUADRA 209     JARDIM CATAR24716051SAO GONCALO    RJUNIAO UMB DOS CULTOS AFRO BRAS    30071810 000052
10231987175000168916200163100    000018805                    000188050000000000000109                     I3418805     30071800000000035003410000017N070518104700000000000103007180000000000000000000000000000000000000000100008997230719RAIMUNDA DE SOUZA MEDEIROS              RUA DANIEL MARINHO                      RIO DAS PEDR00000000RIO DE JANEIRO RJUNIAO UMB DOS CULTOS AFRO BRAS    30071810 000053
10231987175000168916200163100    000018787                    000187870000000000000109                     I0218787     30071800000000035003410000017N070518104700000000000103007180000000000000000000000000000000000000000100007730416727ALESSANDRA REGINA DOS ANJOS             RUA: NEVES                              PARQUE TIETE25585380SAO JOAO DE MERRJUNIAO UMB DOS CULTOS AFRO BRAS    30071810 000054
10231987175000168916200163100    000018641                    000186410000000000000109                     I0218641     30071800000000035003410000017N070518104700000000000103007180000000000000000000000000000000000000000100060158751787CARLOS ALEXANDRE PEREIRA E SOU          RUA BEMPOSTA, S/N CASA 2 LOTE 67 - TAQUABOIUNA - JAC22723320RIO DE JANEIRO RJUNIAO UMB DOS CULTOS AFRO BRAS    30071810 000055
10231987175000168916200163100    000018634                    000186340000000000000109                     I0218634     30071800000000035003410000017N070518104700000000000103007180000000000000000000000000000000000000000100000292323760MAURICIO MANTELLI                       AVENIDA GETULIO VARGAS 2589             CENTRO - NIL26525012NILOPOLIS      RJUNIAO UMB DOS CULTOS AFRO BRAS    30071810 000056
10231987175000168916200163100    000018544                    000185440000000000000109                     I3418544     30071800000000035003410000017N070518104700000000000103007180000000000000000000000000000000000000000100070175225753LEDA FERREIRA FIGUEIREDO                O MESMO                                 O MESMO     21331420RIO DE JANEIRO RJUNIAO UMB DOS CULTOS AFRO BRAS    30071810 000057
10231987175000168916200163100    000018537                    000185370000000000000109                     I3418537     30071800000000035003410000017N070518104700000000000103007180000000000000000000000000000000000000000100073711616704SANDRA REGINA BESERRA SILVA             ESTRADA: CAMPO DA AREIA Nº 301 - PECHINJACAREPAGUA 22743311RIO DE JANEIRO RJUNIAO UMB DOS CULTOS AFRO BRAS    30071810 000058
10231987175000168916200163100    000018529                    000185290000000000000109                     I3418529     30071800000000035003410000017N070518104700000000000103007180000000000000000000000000000000000000000100085775576772LUSIA DE FREITAS SERVA                  RUA PEREIRA NETO                        GUARATIBA   23032545RIO DE JANEIRO RJUNIAO UMB DOS CULTOS AFRO BRAS    30071810 000059
10231987175000168916200163100    000018505                    000185050000000000000109                     I0218505     30071800000000035003410000017N070518104700000000000103007180000000000000000000000000000000000000000100053207823734HELENICE TEODORO DA SILVA CARV          O MESMO                                 O MESMO     23026010RIO DE JANEIRO RJUNIAO UMB DOS CULTOS AFRO BRAS    30071810 000060
10231987175000168916200163100    000018473                    000184730000000000000109                     I3418473     30071800000000035003410000017N070518104700000000000103007180000000000000000000000000000000000000000100073431850715SIDNEY MEGE                             RUA: GENERAL CORREIA DO LAGO Nº 426    HONORIO GURG21511320RIO DE JANEIRO RJUNIAO UMB DOS CULTOS AFRO BRAS    30071810 000061
10231987175000168916200163100    000018467                    000184670000000000000109                     I0218467     30071800000000035003410000017N070518104700000000000103007180000000000000000000000000000000000000000100061172413720ELVIRA CRISTINA DE OLIVEIRA             RUA JOSE DOS REIS,                      INHAUMA     20760245RIO DE JANEIRO RJUNIAO UMB DOS CULTOS AFRO BRAS    30071810 000062
10231987175000168916200163100    000018170                    000181700000000000000109                     I3418170     30071800000000035003410000017N070518104700000000000103007180000000000000000000000000000000000000000100080236499734REGINALDO VIEIRA CAPTIVO                RUA: DOUTOR NUNES N° 1099 FUNDOS       OLARIA - RIO21021370RIO DE JANEIRO RJUNIAO UMB DOS CULTOS AFRO BRAS    30071810 000063
10231987175000168916200163100    000018090                    000180900000000000000109                     I3418090     30071800000000035003410000017N070518104700000000000103007180000000000000000000000000000000000000000100088677079734MARIA APARECIDA MORAIS DOS SAN          RUA OLAVO GAMA, TRAVESSA F - PROJETADA BGUARATIBA - 23040400SEROPEDICA     RJUNIAO UMB DOS CULTOS AFRO BRAS    30071810 000064
10231987175000168916200163100    000018050                    000180500000000000000109                     I3418050     30071800000000035003410000017N070518104700000000000103007180000000000000000000000000000000000000000100018780962572INALVA LAZARO DRUMOND                   AVENIDA MARECHAL RONDON, 2117           RIACHUELO  -20950071RIO DE JANEIRO RJUNIAO UMB DOS CULTOS AFRO BRAS    30071810 000065
10231987175000168916200163100    000018041                    000180410000000000000109                     I3418041     30071800000000035003410000017N070518104700000000000103007180000000000000000000000000000000000000000100041216989753CARMEM VIANA DE JESUS                   RUA DAS TULIPAS, LOTE 4 A QUADRA 5      CIDADE DOS M25235040DUQUE DE CAXIASRJUNIAO UMB DOS CULTOS AFRO BRAS    30071810 000066
10231987175000168916200163100    000017981                    000179810000000000000109                     I3417981     30071800000000035003410000017N070518104700000000000103007180000000000000000000000000000000000000000100008763637707JUSSARA SILVA DE ALBUQUERQUE            RUA: ARGOS Nº 281 FUNDOS - GUADALUPE   RIO DE JANEI21660050RIO DE JANEIRO RJUNIAO UMB DOS CULTOS AFRO BRAS    30071810 000067
10231987175000168916200163100    000017938                    000179380000000000000109                     I0217938     30071800000000035003410000017N070518104700000000000103007180000000000000000000000000000000000000000100093151179720ELIZABETH DA SILVA GOIS                 RUA RAFAEL HAENNY, 2 LOTE 2 QUADRA 4    SEPETIBA - R23535640RIO DE JANEIRO RJUNIAO UMB DOS CULTOS AFRO BRAS    30071810 000068
10231987175000168916200163100    000017800                    000178000000000000000109                     I0217800     30071800000000035003410000017N070518104700000000000103007180000000000000000000000000000000000000000100003026317713RITA DE CASSIA VIEIRA SIMOES F          RUA: CABO SAULO DE VASCONCELOS          JARDIM PALMA23510001RIO DE JANEIRO RJUNIAO UMB DOS CULTOS AFRO BRAS    30071810 000069
10231987175000168916200163100    000017710                    000177100000000000000109                     I3417710     30071800000000035003410000017N070518104700000000000103007180000000000000000000000000000000000000000100048685917700CELIO DO NASCIMENTO                     RUA BORORO Nº 83                       ENGENHO DA R00000000RIO DE JANEIRO RJUNIAO UMB DOS CULTOS AFRO BRAS    30071810 000070
10231987175000168916200163100    000015965                    000159650000000000000109                     I3415965     30061800000000035003410000017N070518104700000000000103006180000000000000000000000000000000000000000100053531396749VITALINA DOS SANTOS                     RUA SAQUAREMA                           GRAMACHO    25035425DUQUE DE CAXIASRJUNIAO UMB DOS CULTOS AFRO BRAS    30061810 000071
10231987175000168916200163100    000015886                    000158860000000000000109                     I3415886     30061800000000035003410000017N070518104700000000000103006180000000000000000000000000000000000000000100000839586736MAURO CESAR BRANCO OBERLAENDER          RUA IGUARIM                             REALENGO    21765540RIO DE JANEIRO RJUNIAO UMB DOS CULTOS AFRO BRAS    30061810 000072
10231987175000168916200163100    000015869                    000158690000000000000109                     I3415869     30061800000000035003410000017N070518104700000000000103006180000000000000000000000000000000000000000100002375024702FATIMA APARECIDA OLIVEIRA DE C          RUA OURO PRETO                          COQUEIRAL   20740280RIO DE JANEIRO RJUNIAO UMB DOS CULTOS AFRO BRAS    30061810 000073
10231987175000168916200163100    000015780                    000157800000000000000109                     I3415780     30061800000000035003410000017N070518104700000000000103006180000000000000000000000000000000000000000100001147868794VALERIA APARECIDA DE SOUZA              RUA ALCYR BRASIL N 710                  JARDIM NOVA 26266010NOVA IGUACU    RJUNIAO UMB DOS CULTOS AFRO BRAS    30061810 000074
10231987175000168916200163100    000015721                    000157210000000000000109                     I3415721     30061800000000035003410000017N070518104700000000000103006180000000000000000000000000000000000000000100002596844737NANCI BARCELOS MACIEL                   MESMO                                   MESMO       21320030RIO DE JANEIRO RJUNIAO UMB DOS CULTOS AFRO BRAS    30061810 000075
10231987175000168916200163100    000015693                    000156930000000000000109                     I0215693     30061800000000035003410000017N070518104700000000000103006180000000000000000000000000000000000000000100003139923716ANDRE MARQUES POLICARPO                 RUA PIRACANJUBA  LOTE 11 QUADRA 209     JARDIM CATAR24716051SAO GONCALO    RJUNIAO UMB DOS CULTOS AFRO BRAS    30061810 000076
10231987175000168916200163100    000015662                    000156620000000000000109                     I0215662     30061800000000035003410000017N070518104700000000000103006180000000000000000000000000000000000000000100068661533791CARLOS RENNAN CORREIA BORGES            RUA AMERICA DOURADA, LOTE 8 QUADRA 34   CAMPO GRANDE23088240RIO DE JANEIRO RJUNIAO UMB DOS CULTOS AFRO BRAS    30061810 000077
10231987175000168916200163100    000015615                    000156150000000000000109                     I3415615     30061800000000035003410000017N070518104700000000000103006180000000000000000000000000000000000000000100008997230719RAIMUNDA DE SOUZA MEDEIROS              RUA DANIEL MARINHO                      RIO DAS PEDR00000000RIO DE JANEIRO RJUNIAO UMB DOS CULTOS AFRO BRAS    30061810 000078
10231987175000168916200163100    000015597                    000155970000000000000109                     I0215597     30061800000000035003410000017N070518104700000000000103006180000000000000000000000000000000000000000100007730416727ALESSANDRA REGINA DOS ANJOS             RUA: NEVES                              PARQUE TIETE25585380SAO JOAO DE MERRJUNIAO UMB DOS CULTOS AFRO BRAS    30061810 000079
10231987175000168916200163100    000015569                    000155690000000000000109                     I3415569     30061800000000035003410000017N070518104700000000000103006180000000000000000000000000000000000000000100000119220792ANA MARIA PASSOS INOCENCIO              RUA CACONDE N 258                       RIO DE JANEI21331415RIO DE JANEIRO RJUNIAO UMB DOS CULTOS AFRO BRAS    30061810 000080
10231987175000168916200163100    000015565                    000155650000000000000109                     I3415565     30061800000000040003410000017N070518104700000000000103006180000000000000000000000000000000000000000100013180490756DIEGO CAVALCANTI DA SILVA               RUA CONDE DE RESENDE, 127               BENTO RIBEIR21550600RIO DE JANEIRO RJUNIAO UMB DOS CULTOS AFRO BRAS    30061810 000081
10231987175000168916200163100    000015451                    000154510000000000000109                     I0215451     30061800000000035003410000017N070518104700000000000103006180000000000000000000000000000000000000000100060158751787CARLOS ALEXANDRE PEREIRA E SOU          RUA BEMPOSTA, S/N CASA 2 LOTE 67 - TAQUABOIUNA - JAC22723320RIO DE JANEIRO RJUNIAO UMB DOS CULTOS AFRO BRAS    30061810 000082
10231987175000168916200163100    000015444                    000154440000000000000109                     I0215444     30061800000000035003410000017N070518104700000000000103006180000000000000000000000000000000000000000100000292323760MAURICIO MANTELLI                       AVENIDA GETULIO VARGAS 2589             CENTRO - NIL26525012NILOPOLIS      RJUNIAO UMB DOS CULTOS AFRO BRAS    30061810 000083
10231987175000168916200163100    000015347                    000153470000000000000109                     I3415347     30061800000000035003410000017N070518104700000000000103006180000000000000000000000000000000000000000100073711616704SANDRA REGINA BESERRA SILVA             ESTRADA: CAMPO DA AREIA Nº 301 - PECHINJACAREPAGUA 22743311RIO DE JANEIRO RJUNIAO UMB DOS CULTOS AFRO BRAS    30061810 000084
10231987175000168916200163100    000015339                    000153390000000000000109                     I0215339     30061800000000035003410000017N070518104700000000000103006180000000000000000000000000000000000000000100085775576772LUSIA DE FREITAS SERVA                  RUA PEREIRA NETO                        GUARATIBA   23032545RIO DE JANEIRO RJUNIAO UMB DOS CULTOS AFRO BRAS    30061810 000085
10231987175000168916200163100    000015315                    000153150000000000000109                     I0215315     30061800000000035003410000017N070518104700000000000103006180000000000000000000000000000000000000000100053207823734HELENICE TEODORO DA SILVA CARV          O MESMO                                 O MESMO     23026010RIO DE JANEIRO RJUNIAO UMB DOS CULTOS AFRO BRAS    30061810 000086
10231987175000168916200163100    000015278                    000152780000000000000109                     I0215278     30061800000000035003410000017N070518104700000000000103006180000000000000000000000000000000000000000100061172413720ELVIRA CRISTINA DE OLIVEIRA             RUA JOSE DOS REIS,                      INHAUMA     20760245RIO DE JANEIRO RJUNIAO UMB DOS CULTOS AFRO BRAS    30061810 000087
10231987175000168916200163100    000015253                    000152530000000000000109                     I3415253     30061800000000035003410000017N070518104700000000000103006180000000000000000000000000000000000000000100098194542715MARCIA CRISTINA LEAL DA ROCHA           RUA PADRE ANCHIETA, 42                  ALTO DA SERR25635150PETROPOLIS     RJUNIAO UMB DOS CULTOS AFRO BRAS    30061810 000088
10231987175000168916200163100    000015227                    000152270000000000000109                     I0215227     30061800000000035003410000017N070518104700000000000103006180000000000000000000000000000000000000000100003436203750ANDRE HENRIQUE FELICIO DE AZEV          ESTRADA: VELHA DO PIAI Nº 328 B        SEPETIBA - R23530800RIO DE JANEIRO RJUNIAO UMB DOS CULTOS AFRO BRAS    30061810 000089
10231987175000168916200163100    000015204                    000152040000000000000109                     I3415204     30061800000000035003410000017N070518104700000000000103006180000000000000000000000000000000000000000200000000010582NILO SERGIO SANTOS BARCELLOS            ESTRADA CORONEL VIEIRA, 134 BLOCO 4 APTOIRAJA - RJ  21220310RIO DE JANEIRO RJUNIAO UMB DOS CULTOS AFRO BRAS    30061810 000090
10231987175000168916200163100    000015175                    000151750000000000000109                     I0215175     30061800000000035003410000017N070518104700000000000103006180000000000000000000000000000000000000000100008184015755ELIZABETH DE SOUZA                      RUA MERCURIO, 36 CASA 3 FUNDOS          SANTA TEREZI26553260MESQUITA       RJUNIAO UMB DOS CULTOS AFRO BRAS    30061810 000091
10231987175000168916200163100    000015027                    000150270000000000000109                     I0215027     30061800000000035003410000017N070518104700000000000103006180000000000000000000000000000000000000000100002175979717CLAUDIA PILAR PERES SANTOS DE           RUA JOAO MACIEIRA                       MADUREIRA   21310090RIO DE JANEIRO RJUNIAO UMB DOS CULTOS AFRO BRAS    30061810 000092
10231987175000168916200163100    000015023                    000150230000000000000109                     I3415023     30061800000000035003410000017N070518104700000000000103006180000000000000000000000000000000000000000100043194869787JORGE PINHEIRO DE ALMEIDA               RUA CERQUEIRA CESAR N 121 CASA 1        MADUREIRA - 21351070RIO DE JANEIRO RJUNIAO UMB DOS CULTOS AFRO BRAS    30061810 000093
10231987175000168916200163100    000014981                    000149810000000000000109                     I3414981     30061800000000035003410000017N070518104700000000000103006180000000000000000000000000000000000000000100080236499734REGINALDO VIEIRA CAPTIVO                RUA: DOUTOR NUNES N° 1099 FUNDOS       OLARIA - RIO21021370RIO DE JANEIRO RJUNIAO UMB DOS CULTOS AFRO BRAS    30061810 000094
10231987175000168916200163100    000014970                    000149700000000000000109                     I3414970     30061800000000035003410000017N070518104700000000000103006180000000000000000000000000000000000000000100009431078732LUCIA OLIVEIRA BONIFACIO                RUA NINA RIBEIRO, 67 FUNDOS             PAVUNA - RJ 21520290RIO DE JANEIRO RJUNIAO UMB DOS CULTOS AFRO BRAS    30061810 000095
10231987175000168916200163100    000014961                    000149610000000000000109                     I0214961     30061800000000035003410000017N070518104700000000000103006180000000000000000000000000000000000000000100099025078753EVA DE OLIVEIRA LOPES                   ESTRADA SANTO ANTONIO Nº 8             CARTA ANISTI26455280RIO DE JANEIRO RJUNIAO UMB DOS CULTOS AFRO BRAS    30061810 000096
10231987175000168916200163100    000014901                    000149010000000000000109                     I3414901     30061800000000035003410000017N070518104700000000000103006180000000000000000000000000000000000000000100088677079734MARIA APARECIDA MORAIS DOS SAN          RUA OLAVO GAMA, TRAVESSA F - PROJETADA BGUARATIBA - 23040400SEROPEDICA     RJUNIAO UMB DOS CULTOS AFRO BRAS    30061810 000097
10231987175000168916200163100    000014861                    000148610000000000000109                     I3414861     30061800000000035003410000017N070518104700000000000103006180000000000000000000000000000000000000000100018780962572INALVA LAZARO DRUMOND                   AVENIDA MARECHAL RONDON, 2117           RIACHUELO  -20950071RIO DE JANEIRO RJUNIAO UMB DOS CULTOS AFRO BRAS    30061810 000098
10231987175000168916200163100    000014852                    000148520000000000000109                     I3414852     30061800000000035003410000017N070518104700000000000103006180000000000000000000000000000000000000000100041216989753CARMEM VIANA DE JESUS                   RUA DAS TULIPAS, LOTE 4 A QUADRA 5      CIDADE DOS M25235040DUQUE DE CAXIASRJUNIAO UMB DOS CULTOS AFRO BRAS    30061810 000099
10231987175000168916200163100    000014797                    000147970000000000000109                     I3414797     30061800000000035003410000017N070518104700000000000103006180000000000000000000000000000000000000000100002065913738ROBSON DE FARIA TORRES                  RUA CAPITAO AROLDO LEITAO Nº 54 FUNDOS OLARIA - RJ 21071050RIO DE JANEIRO RJUNIAO UMB DOS CULTOS AFRO BRAS    30061810 000100
10231987175000168916200163100    000014749                    000147490000000000000109                     I0214749     30061800000000035003410000017N070518104700000000000103006180000000000000000000000000000000000000000100093151179720ELIZABETH DA SILVA GOIS                 RUA RAFAEL HAENNY, 2 LOTE 2 QUADRA 4    SEPETIBA - R23535640RIO DE JANEIRO RJUNIAO UMB DOS CULTOS AFRO BRAS    30061810 000101
10231987175000168916200163100    000014717                    000147170000000000000109                     I0214717     30061800000000040003410000017N070518104700000000000103006180000000000000000000000000000000000000000100042153425700MARIA DA CONCEICAO MADUREIRA D          MESMO                                   MESMO       21557010RIO DE JANEIRO RJUNIAO UMB DOS CULTOS AFRO BRAS    30061810 000102
10231987175000168916200163100    000014689                    000146890000000000000109                     I0214689     30061800000000035003410000017N070518104700000000000103006180000000000000000000000000000000000000000200000000007562CONCHETA PERRONI DE SOUZA BRAN          RUA JUSTINO DE SOUSA N 76 CASA 4        SAO CRISTOVA21920030RIO DE JANEIRO RJUNIAO UMB DOS CULTOS AFRO BRAS    30061810 000103
10231987175000168916200163100    000014611                    000146110000000000000109                     I0214611     30061800000000035003410000017N070518104700000000000103006180000000000000000000000000000000000000000100003026317713RITA DE CASSIA VIEIRA SIMOES F          RUA: CABO SAULO DE VASCONCELOS          JARDIM PALMA23510001RIO DE JANEIRO RJUNIAO UMB DOS CULTOS AFRO BRAS    30061810 000104
10231987175000168916200163100    000014559                    000145590000000000000109                     I0214559     30061800000000035003410000017N070518104700000000000103006180000000000000000000000000000000000000000100002477166778BEATRIZ MIRANDA ABRANCHES               RUA GRUCAI, 657                         PENHA - RJ  21020250RIO DE JANEIRO RJUNIAO UMB DOS CULTOS AFRO BRAS    30061810 000105
10231987175000168916200163100    000014389                    000143890000000000000109                     I0214389     30051800000000040003410000017N110418104700000000000103005180000000000000000000000000000000000000000100042153425700MARIA DA CONCEICAO MADUREIRA D          MESMO                                   MESMO       21557010RIO DE JANEIRO RJUNIAO UMB DOS CULTOS AFRO BRAS    30051810 000106
10231987175000168916200163100    000014190                    000141900000000000000109                     I0214190     30051800000000035003410000017N080318104700000000000103005180000000000000000000000000000000000000000100093151179720ELIZABETH DA SILVA GOIS                 RUA RAFAEL HAENNY, 2 LOTE 2 QUADRA 4    SEPETIBA - R23535640RIO DE JANEIRO RJUNIAO UMB DOS CULTOS AFRO BRAS    30051810 000107
9                                                                                                                                                                                                                                                                                                                                                                                                         000108
