01REMESSA01COBRANCA       916200163100        União Umb dos Cultos Afro Bra341BANCO ITAU SA  090719                                                                                                                                                                                                                                                                                                      000001
10231987175000168916200163100    000049898                    000498980000000000000109                     I0149898     09081900000000700003410000017N090719105700000000002310908190000000000000000000000000000000000000000100009790078790ALAN VIEIRA PALMA                       RUA GENERAL TOMAS CAVALCANTIN 211,      CAMPO GRANDE23013750RIO DE JANEIRO RJUNIAO UMB DOS CULTOS AFRO BRAS    09081915 000002
21090820190000000001400                                                                                                                                                                                                                                                                                                                                                                                   000003
10231987175000168916200163100    000049897                    000498970000000000000109                     I0149897     20071900000000040003410000017N090719105700000000000132007190000000000000000000000000000000000000000100069893810787MARIA ALICE VENTURA                     AVENIDA DOS EX-COMBATENTESN 0, BLOCO 380SANTA CRUZ  27288110VOLTA REDONDA  RJUNIAO UMB DOS CULTOS AFRO BRAS    20071915 000004
21200720190000000000080                                                                                                                                                                                                                                                                                                                                                                                   000005
10231987175000168916200163100    000049896                    000498960000000000000109                     I0149896     16071900000000080003410000017N090719105700000000000261607190000000000000000000000000000000000000000100037345095720VERA LUCIA DA CRUZ NEVES                RUA RODRIGUES CAMPELO  N 54,            CAMPO GRANDE23017210RIO DE JANEIRO RJUNIAO UMB DOS CULTOS AFRO BRAS    16071915 000006
21160720190000000000160                                                                                                                                                                                                                                                                                                                                                                                   000007
10231987175000168916200163100    000049895                    000498950000000000000109                     I0149895     19071900000000160003410000017N090719105700000000000531907190000000000000000000000000000000000000000100001637090765DEBORA VENTURA CESAR                    RUA DOS CONGREGADOS N 105, CASA 2       HELIOPOLIS  26123020RIO DE JANEIRO RJUNIAO UMB DOS CULTOS AFRO BRAS    19071915 000008
21190720190000000000320                                                                                                                                                                                                                                                                                                                                                                                   000009
10231987175000168916200163100    000049759                    000497590000000000000109                     I0249759     30091900000000040003410000017N190619105700000000000133009190000000000000000000000000000000000000000100008184503717LAERCIO DE SOUZA GUINA FERREIR          RUA TITANICN 4, APTº 101               REALENGO    21735620RIO DE JANEIRO RJUNIAO UMB DOS CULTOS AFRO BRAS    30091915 000010
21300920190000000000080                                                                                                                                                                                                                                                                                                                                                                                   000011
10231987175000168916200163100    000049758                    000497580000000000000109                     I0249758     30081900000000040003410000017N190619105700000000000133008190000000000000000000000000000000000000000100008184503717LAERCIO DE SOUZA GUINA FERREIR          RUA TITANICN 4, APTº 101               REALENGO    21735620RIO DE JANEIRO RJUNIAO UMB DOS CULTOS AFRO BRAS    30081915 000012
21300820190000000000080                                                                                                                                                                                                                                                                                                                                                                                   000013
10231987175000168916200163100    000049757                    000497570000000000000109                     I0249757     30071900000000040003410000017N190619105700000000000133007190000000000000000000000000000000000000000100008184503717LAERCIO DE SOUZA GUINA FERREIR          RUA TITANICN 4, APTº 101               REALENGO    21735620RIO DE JANEIRO RJUNIAO UMB DOS CULTOS AFRO BRAS    30071915 000014
21300720190000000000080                                                                                                                                                                                                                                                                                                                                                                                   000015
10231987175000168916200163100    000044326                    000443260000000000000109                     I0244326     30061900000000040003410000017N130319105700000000000133006190000000000000000000000000000000000000000100002211701701SERGIO LUIZ RIBEIRO ROSA                RUA AMERICO DA ROCHAN 992, CASA 1       MARECHAL HER21555300RIO DE JANEIRO RJUNIAO UMB DOS CULTOS AFRO BRAS    30061915 000016
21300620190000000000080                                                                                                                                                                                                                                                                                                                                                                                   000017
10231987175000168916200163100    000044282                    000442820000000000000109                     I0244282     30061900000000040003410000017N130319105700000000000133006190000000000000000000000000000000000000000100013180490756DIEGO CAVALCANTI DA SILVA               RUA CONDE DE RESENDEN 127,              BENTO RIBEIR21550600RIO DE JANEIRO RJUNIAO UMB DOS CULTOS AFRO BRAS    30061915 000018
21300620190000000000080                                                                                                                                                                                                                                                                                                                                                                                   000019
10231987175000168916200163100    000044108                    000441080000000000000109                     I0244108     30061900000000040003410000017N130319105700000000000133006190000000000000000000000000000000000000000100011981552723DIEGO DE SIQUEIRA VIEIRA                RUA ACUN 339, FUNDOS                    REALENGO    21765640RIO DE JANEIRO RJUNIAO UMB DOS CULTOS AFRO BRAS    30061915 000020
21300620190000000000080                                                                                                                                                                                                                                                                                                                                                                                   000021
10231987175000168916200163100    000044043                    000440430000000000000109                     I0244043     30061900000000040003410000017N130319105700000000000133006190000000000000000000000000000000000000000100008389266733BEATRIZ DE AZEVEDO NUNES                RUA MARION 78, APT° 101                PRACA SECA  21341450RIO DE JANEIRO RJUNIAO UMB DOS CULTOS AFRO BRAS    30061915 000022
21300620190000000000080                                                                                                                                                                                                                                                                                                                                                                                   000023
10231987175000168916200163100    000044010                    000440100000000000000109                     I0244010     30061900000000040003410000017N130319105700000000000133006190000000000000000000000000000000000000000100006715164851MARISA DA SILVA                         RUA DOZEN 19,                           MARACAIBO   12120000TREMEMBE       SPUNIAO UMB DOS CULTOS AFRO BRAS    30061915 000024
21300620190000000000080                                                                                                                                                                                                                                                                                                                                                                                   000025
10231987175000168916200163100    000043554                    000435540000000000000109                     I0243554     30061900000000040003410000017N130319105700000000000133006190000000000000000000000000000000000000000100001637090765DEBORA VENTURA CESAR                    RUA DOS CONGREGADOS N 105, CASA 2       HELIOPOLIS  26123020RIO DE JANEIRO RJUNIAO UMB DOS CULTOS AFRO BRAS    30061915 000026
21300620190000000000080                                                                                                                                                                                                                                                                                                                                                                                   000027
10231987175000168916200163100    000042678                    000426780000000000000109                     I0242678     30051900000000040003410000017N130319105700000000000133005190000000000000000000000000000000000000000100002211701701SERGIO LUIZ RIBEIRO ROSA                RUA AMERICO DA ROCHAN 992, CASA 1       MARECHAL HER21555300RIO DE JANEIRO RJUNIAO UMB DOS CULTOS AFRO BRAS    30051915 000028
21300520190000000000080                                                                                                                                                                                                                                                                                                                                                                                   000029
10231987175000168916200163100    000042364                    000423640000000000000109                     I0242364     30051900000000040003410000017N130319105700000000000133005190000000000000000000000000000000000000000100006715164851MARISA DA SILVA                         RUA DOZEN 19,                           MARACAIBO   12120000TREMEMBE       SPUNIAO UMB DOS CULTOS AFRO BRAS    30051915 000030
21300520190000000000080                                                                                                                                                                                                                                                                                                                                                                                   000031
9                                                                                                                                                                                                                                                                                                                                                                                                         000032
