01REMESSA01COBRANCA       916200163100        União Umb dos Cultos Afro Bra341BANCO ITAU SA  210318                                                                                                                                                                                                                                                                                                      000001
10231987175000168916200163100    000014228                    000142280000000000000109                     I3414228     23031800000000210003410000017N150318104700000000000102303180000000000000000000000000000000000000000100074624792234MARILZA COSTA FERREIRA                  RUA INHANDUI, 128                       BENFICA - RJ20930120RIO DE JANEIRO RJUNIAO UMB DOS CULTOS AFRO BRAS    23031810 000002
10231987175000168916200163100    000014179                    000141790000000000000109                     I0214179     07031800000000035003410000017N060318104700000000000100703180000000000000000000000000000000000000000100009057240700ILAN FERNANDES BRAZILEIRO               RUA NICARAGUA                           PARQUE HOTEL28970000ARARUAMA       RJUNIAO UMB DOS CULTOS AFRO BRAS    07031810 000003
10231987175000168916200163100    000014105                    000141050000000000000109                     I3414105     10041800000000350003410000017N270218104700000000000101004180000000000000000000000000000000000000000200000000002244FAUSTO IACOVELLI                        RUA SAO JOAO, LOTE 15 QUADRA 29 - KM 32 PQ.SAO FRANC26369160NOVA IGUACU    RJUNIAO UMB DOS CULTOS AFRO BRAS    10041810 000004
10231987175000168916200163100    000013951                    000139510000000000000109                     I0213951     30031800000000035003410000017N210218104700000000000103003180000000000000000000000000000000000000000100093372302753MARCIO LUIZ SILVESTRE                   RUA CANDIDO MARIANO, 226                JARDIM NOVA 26266080NOVA IGUACU    RJUNIAO UMB DOS CULTOS AFRO BRAS    30031810 000005
10231987175000168916200163100    00008744                     000087440000000000000109                     I348744      31011800000000035003410000017N020118104700000000000103101180000000000000000000000000000000000000000100011297806786THIAGO PEREIRA DE BRITO                 RUA SAO JANUARIO                        269         24130386NITEROI        RJUNIAO UMB DOS CULTOS AFRO BRAS    31011810 000006
10231987175000168916200163100    00008413                     000084130000000000000109                     I028413      31011800000000035003410000017N020118104700000000000103101180000000000000000000000000000000000000000200000000001151MARIA APARECIDA LOPES DA SILVA          AV SAMPAIO CORREA Nº 109 - COLONIA     JACAREPAGUA 22713650RIO DE JANEIRO RJUNIAO UMB DOS CULTOS AFRO BRAS    31011810 000007
10231987175000168916200163100    00004075                     000040750000000000000109                     I024075      22121700000000350003410000017N171117104700000000000102212170000000000000000000000000000000000000000100023061987152NICEAS FERREIRA BRITO FILHO             RUA ALBINO PAIVA, 486                   SENADOR CAMA21830490RIO DE JANEIRO RJUNIAO UMB DOS CULTOS AFRO BRAS    22121710 000008
10231987175000168916200163100    00003930                     000039300000000000000109                     I023930      22121700000000350003410000017N171117104700000000000102212170000000000000000000000000000000000000000100042956765787ARACILDA DOS SANTOS FREITAS             RUA BAHIA, 182 - COREIA                 JUSCELINO - 26556440RIO DE JANEIRO RJUNIAO UMB DOS CULTOS AFRO BRAS    22121710 000009
10231987175000168916200163100    00003734                     000037340000000000000109                     I343734      22121700000000350003410000017N171117104700000000000102212170000000000000000000000000000000000000000100086506439734DULCILENE EDUARDO                       RUA NOSSA SENHORA DA GUIA N 45          PIABETA - MA25931686MAGE           RJUNIAO UMB DOS CULTOS AFRO BRAS    22121710 000010
10231987175000168916200163100    00003408                     000034080000000000000109                     I023408      22121700000000350003410000017N171117104700000000000102212170000000000000000000000000000000000000000100063440512720SILVANA MANGIA DE SOUZA                 RUA ACANTO N 20                         BANGU - RJ  21830080RIO DE JANEIRO RJUNIAO UMB DOS CULTOS AFRO BRAS    22121710 000011
10231987175000168916200163100    00003234                     000032340000000000000109                     I023234      22121700000000350003410000017N171117104700000000000102212170000000000000000000000000000000000000000100074624792234MARILZA COSTA FERREIRA                  RUA INHANDUI, 128                       BENFICA - RJ20930120RIO DE JANEIRO RJUNIAO UMB DOS CULTOS AFRO BRAS    22121710 000012
10231987175000168916200163100    00002688                     000026880000000000000109                     I022688      31121700000000035003410000017N131117104700000000000103112170000000000000000000000000000000000000000100093372302753MARCIO LUIZ SILVESTRE                   RUA CANDIDO MARIANO, 226                JARDIM NOVA 26266080NOVA IGUACU    RJUNIAO UMB DOS CULTOS AFRO BRAS    31121710 000013
10231987175000168916200163100    00001915                     000019150000000000000109                     I341915      31121700000000035003410000017N131117104700000000000103112170000000000000000000000000000000000000000100063440512720SILVANA MANGIA DE SOUZA                 RUA ACANTO N 20                         BANGU - RJ  21830080RIO DE JANEIRO RJUNIAO UMB DOS CULTOS AFRO BRAS    31121710 000014
10231987175000168916200163100    00001740                     000017400000000000000109                     I021740      31121700000000035003410000017N131117104700000000000103112170000000000000000000000000000000000000000100074624792234MARILZA COSTA FERREIRA                  RUA INHANDUI, 128                       BENFICA - RJ20930120RIO DE JANEIRO RJUNIAO UMB DOS CULTOS AFRO BRAS    31121710 000015
9                                                                                                                                                                                                                                                                                                                                                                                                         000016
