01REMESSA01COBRANCA       817800093673        União Umb dos Cultos Afro Bra341BANCO ITAU SA  210319                                                                                                                                                                                                                                                                                                      000001
10231987175000168817800093673    000039795                    000397950000000000000109                     I0239795     22021900000000455003410000017N150219104700000000000102202190000000000000000000000000000000000000000100000000000000LUCIMAR FIGUEIREDO NASCIMENTO           RUA TAMANDUATEI N 215,                  CRUZEIRO DO 26012775NOVA IGUACU    RJUNIAO UMB DOS CULTOS AFRO BRAS    22021910 000002
10231987175000168817800093673    000039380                    000393800000000000000109                     I0239380     31011900000000040003410000017N261218104700000000000103101190000000000000000000000000000000000000000100000695677720MARIA DE LOURDES SILVA                  RUA: ROCHA LIMAN 0, LOTE 6 QUADRA 27    SANTA RITA  26050540NOVA IGUACU    RJUNIAO UMB DOS CULTOS AFRO BRAS    31011910 000003
10231987175000168817800093673    000039377                    000393770000000000000109                     I0239377     31011900000000040003410000017N261218104700000000000103101190000000000000000000000000000000000000000100000000000658MARIA JOSE PACHECO DO AMPARO            RUA SILVINO PINTON 0, TRAVESSA 3 CASA 2 SAPE        24315600NITEROI        RJUNIAO UMB DOS CULTOS AFRO BRAS    31011910 000004
10231987175000168817800093673    000035480                    000354800000000000000109                     I0235480     31011900000000040003410000017N261218104700000000000103101190000000000000000000000000000000000000000100000000000000REINALDO FERREIRA DOS SANTOS            RUA LESTEN 5,                           JARDIM PARAI26297294NOVA IGUACU    RJUNIAO UMB DOS CULTOS AFRO BRAS    31011910 000005
10231987175000168817800093673    000035404                    000354040000000000000109                     I0235404     31011900000000040003410000017N261218104700000000000103101190000000000000000000000000000000000000000100009924715790JOSEFA MARIA DA SILVA                   TRAVESSA DOS LAVRADORES N 14,           VILA SAO DOM26271340NOVA IGUACU    RJUNIAO UMB DOS CULTOS AFRO BRAS    31011910 000006
10231987175000168817800093673    000035401                    000354010000000000000109                     I0235401     31011900000000040003410000017N261218104700000000000103101190000000000000000000000000000000000000000100000000000000JORGE EDUARDO PEREIRA VIANNA            RUA TUIUTIN 98, CASA 4                  CABUCU      26291551NOVA IGUACU    RJUNIAO UMB DOS CULTOS AFRO BRAS    31011910 000007
10231987175000168817800093673    000035366                    000353660000000000000109                     I0235366     31011900000000040003410000017N261218104700000000000103101190000000000000000000000000000000000000000100000000000000FABIO DA SILVA                          RUA CAMORIMN 0, LOTE 6 QUADRA 34        JARDIM DELAM26317140QUEIMADOS      RJUNIAO UMB DOS CULTOS AFRO BRAS    31011910 000008
10231987175000168817800093673    000035215                    000352150000000000000109                     I0235215     31011900000000040003410000017N261218104700000000000103101190000000000000000000000000000000000000000100000000600716DALILA REIS PIMENTA                     ESTRADA: PLINIO CASADON 2325,           PRATA       26010421NOVA IGUACU    RJUNIAO UMB DOS CULTOS AFRO BRAS    31011910 000009
10231987175000168817800093673    000035122                    000351220000000000000109                     I0235122     31011900000000040003410000017N261218104700000000000103101190000000000000000000000000000000000000000100000000000000GUILHERME SANTOS LINHARES               TRAVESSA EUGENIA N 34, CASA 102         RAMOS       21060440RIO DE JANEIRO RJUNIAO UMB DOS CULTOS AFRO BRAS    31011910 000010
10231987175000168817800093673    000034701                    000347010000000000000109                     I0234701     31011900000000040003410000017N261218104700000000000103101190000000000000000000000000000000000000000100041930014791LUCIENE CRISTINA DE OLIVEIRA S          RUA: FRANCISCO MENDES FRANCO N 235,     CENTRO      27135170BARRA DO PIRAI RJUNIAO UMB DOS CULTOS AFRO BRAS    31011910 000011
10231987175000168817800093673    000034572                    000345720000000000000109                     I0234572     31011900000000040003410000017N261218104700000000000103101190000000000000000000000000000000000000000100000000001047NILDA MARIA JOSE DE LIMA                RUA: GERALDO DE ALMEIDAN 185,           DORANDIA    27160000BARRA DO PIRAI RJUNIAO UMB DOS CULTOS AFRO BRAS    31011910 000012
10231987175000168817800093673    000034552                    000345520000000000000109                     I0234552     31011900000000040003410000017N261218104700000000000103101190000000000000000000000000000000000000000100000000001038CARLOS JOSE GOMES DA SILVA              RUA: JABOTIN 200, CASA 2                BRAS DE PINA21215330RIO DE JANEIRO RJUNIAO UMB DOS CULTOS AFRO BRAS    31011910 000013
10231987175000168817800093673    000034519                    000345190000000000000109                     I0234519     31011900000000040003410000017N261218104700000000000103101190000000000000000000000000000000000000000100000000669768MARILANE BARROSO BERNARDES              RUA: ORICAN 89, CASA                    BRAS DE PINA21215260RIO DE JANEIRO RJUNIAO UMB DOS CULTOS AFRO BRAS    31011910 000014
10231987175000168817800093673    000034515                    000345150000000000000109                     I0234515     31011900000000040003410000017N261218104700000000000103101190000000000000000000000000000000000000000100000000287789MARCELLIS ALELUIA BARRETO               RUA: LAURENTINA ALVES PEREIRAN 0, CASA 4BADU        24320070NITEROI        RJUNIAO UMB DOS CULTOS AFRO BRAS    31011910 000015
10231987175000168817800093673    000034508                    000345080000000000000109                     I0234508     31011900000000040003410000017N261218104700000000000103101190000000000000000000000000000000000000000100000000001016ANA MARIA DE CARVALHO MENEZES           RUA: OASISN 187,                        PRAIA DA BRI23028320GUARATIBA      RJUNIAO UMB DOS CULTOS AFRO BRAS    31011910 000016
10231987175000168817800093673    000034502                    000345020000000000000109                     I0234502     31011900000000040003410000017N261218104700000000000103101190000000000000000000000000000000000000000100011037768703PATRICIA DE ALMEIDA                     RUA: FRANCISCO MENDES FRANCON 229,      CENTRO      27135170BARRA DO PIRAI RJUNIAO UMB DOS CULTOS AFRO BRAS    31011910 000017
10231987175000168817800093673    000034498                    000344980000000000000109                     I0234498     31011900000000040003410000017N261218104700000000000103101190000000000000000000000000000000000000000100000000585700CONCEICAO ROSA STANESCO NICOLI          RUA: NOSSA SENHORA DE COPACABANA N 647, COPACABANA  22050002RIO DE JANEIRO RJUNIAO UMB DOS CULTOS AFRO BRAS    31011910 000018
10231987175000168817800093673    000034470                    000344700000000000000109                     I0234470     31011900000000040003410000017N261218104700000000000103101190000000000000000000000000000000000000000100000000869743MARIA CRISTINA FURTADO DOS SAN          RUA: IVAN FORTES RUCHN 0, LOTE 14 - LOTEMONTE FORMOS24738660SAO GONCALO    RJUNIAO UMB DOS CULTOS AFRO BRAS    31011910 000019
10231987175000168817800093673    000034438                    000344380000000000000109                     I0234438     31011900000000040003410000017N261218104700000000000103101190000000000000000000000000000000000000000100000000340787NILZA DE OLIVEIRA FRANCISCO             RUA: SAO MIGUEL N 0, LOTE 18 QUADRA E (RVILA DE CAVA26052533NOVA IGUACU    RJUNIAO UMB DOS CULTOS AFRO BRAS    31011910 000020
10231987175000168817800093673    000034426                    000344260000000000000109                     I0234426     31011900000000040003410000017N261218104700000000000103101190000000000000000000000000000000000000000100003462948768JUSSARA DOS SANTOS                      RUA DOISN 260, LOTE 12 QUADRA A         PARQUE FLUMI25045395DUQUE DE CAXIASRJUNIAO UMB DOS CULTOS AFRO BRAS    31011910 000021
10231987175000168817800093673    000034420                    000344200000000000000109                     I0234420     31011900000000040003410000017N261218104700000000000103101190000000000000000000000000000000000000000100000000000000SHIRLEY GOMES FRANCISCO DE SOU          RUA TEIXEIRA RAMALHON 185,              CACUIA      26082125NOVA IGUACU    RJUNIAO UMB DOS CULTOS AFRO BRAS    31011910 000022
10231987175000168817800093673    000034396                    000343960000000000000109                     I0234396     31011900000000040003410000017N261218104700000000000103101190000000000000000000000000000000000000000100000000000000MARIA DE LOURDES MATTOS DA SIL          RUA ADEMARN 5,                          BELA VISTA  26157180BELFORD ROXO   RJUNIAO UMB DOS CULTOS AFRO BRAS    31011910 000023
10231987175000168817800093673    000034364                    000343640000000000000109                     I0234364     31011900000000040003410000017N261218104700000000000103101190000000000000000000000000000000000000000100000000000932WILMA DE CASTRO GOUVEA                  RUA: DAMAZIO BATISTAN 86, CASA 97 - CABROLINDA      26515126NILOPOLIS      RJUNIAO UMB DOS CULTOS AFRO BRAS    31011910 000024
10231987175000168817800093673    000034353                    000343530000000000000109                     I0234353     31011900000000040003410000017N261218104700000000000103101190000000000000000000000000000000000000000100000000000000SAMUEL MUNIZ PORTELA                    RUA RIO DOURADON 0, LOTE 9 QUADRA 8     MAGALHAES BA21745380RIO DE JANEIRO RJUNIAO UMB DOS CULTOS AFRO BRAS    31011910 000025
10231987175000168817800093673    000034352                    000343520000000000000109                     I0234352     31011900000000040003410000017N261218104700000000000103101190000000000000000000000000000000000000000100000000000000THIAGO BARBOSA DA SILVA                 RUA: PEDRO DOMINGUESN 52, CASA 1        ENCANTADO   20756080RIO DE JANEIRO RJUNIAO UMB DOS CULTOS AFRO BRAS    31011910 000026
10231987175000168817800093673    000034339                    000343390000000000000109                     I0234339     31011900000000040003410000017N261218104700000000000103101190000000000000000000000000000000000000000100000000000000MEYRE CHAVES SOARES                     RUA MARIO HERMESN 40, CASA 6            BENTO RIBEIR21550555RIO DE JANEIRO RJUNIAO UMB DOS CULTOS AFRO BRAS    31011910 000027
10231987175000168817800093673    000034329                    000343290000000000000109                     I0234329     31011900000000040003410000017N261218104700000000000103101190000000000000000000000000000000000000000100050942490763ANTONIO PAULO TRABACHINI                RUA: DO CATETEN 347, LOJA 8             CATETE      22271100RIO DE JANEIRO RJUNIAO UMB DOS CULTOS AFRO BRAS    31011910 000028
10231987175000168817800093673    000034316                    000343160000000000000109                     I0234316     31011900000000040003410000017N261218104700000000000103101190000000000000000000000000000000000000000100000000000907AGUINALDO DE PAULA BORGES               RUA ARNALDO MURINELIN 841, CASA3        ANCHIETA    21630060RIO DE JANEIRO RJUNIAO UMB DOS CULTOS AFRO BRAS    31011910 000029
10231987175000168817800093673    000034292                    000342920000000000000109                     I0234292     31011900000000040003410000017N261218104700000000000103101190000000000000000000000000000000000000000100000000000000GILMAR GAMMARO CARVALHO                 RUA GENERAL SEARAN 187, E 189           CAROLINA    25060010DUQUE DE CAXIASRJUNIAO UMB DOS CULTOS AFRO BRAS    31011910 000030
10231987175000168817800093673    000034264                    000342640000000000000109                     I0234264     31011900000000040003410000017N261218104700000000000103101190000000000000000000000000000000000000000100000000000000CARLOS ALBERTO PORTO LEAL               RUA FOSCA N 55,                         POSSE       26020015NOVA IGUACU    RJUNIAO UMB DOS CULTOS AFRO BRAS    31011910 000031
10231987175000168817800093673    000034257                    000342570000000000000109                     I0234257     31011900000000040003410000017N261218104700000000000103101190000000000000000000000000000000000000000100000000000855ELIZABETH GOMES MONTEIRO DA SI          RUA: MUNIZ ACQUARONE N 74,              IRAJA       21220460RIO DE JANEIRO RJUNIAO UMB DOS CULTOS AFRO BRAS    31011910 000032
10231987175000168817800093673    000034246                    000342460000000000000109                     I0234246     31011900000000040003410000017N261218104700000000000103101190000000000000000000000000000000000000000100000000000000MARIA LEOPOLDINO DE MATOS               RUA URUCURANAN 177,                     BOA ESPERANC26143140NOVA IGUACU    RJUNIAO UMB DOS CULTOS AFRO BRAS    31011910 000033
10231987175000168817800093673    000034239                    000342390000000000000109                     I0234239     31011900000000040003410000017N261218104700000000000103101190000000000000000000000000000000000000000100000000008400DANIEL DOMINGOS DA SILVA                RUA: CAMINHO MADEIRA N 87,              MANGUEIRA   26270470NOVA IGUACU    RJUNIAO UMB DOS CULTOS AFRO BRAS    31011910 000034
10231987175000168817800093673    000034236                    000342360000000000000109                     I0234236     31011900000000040003410000017N261218104700000000000103101190000000000000000000000000000000000000000100000000000000MARIA DA PENHA DOS SANTOS MARQ          RUA: BRENO SOUZA ALVESN 11,             SAO BERNADO 26165000BELFORD ROXO   RJUNIAO UMB DOS CULTOS AFRO BRAS    31011910 000035
10231987175000168817800093673    000034187                    000341870000000000000109                     I0234187     31011900000000040003410000017N261218104700000000000103101190000000000000000000000000000000000000000100000000000000SANDRA REIS DOS SANTOS                  RUA BANGUN 197,                         DOUTOR LAURE25060180DUQUE DE CAXIASRJUNIAO UMB DOS CULTOS AFRO BRAS    31011910 000036
10231987175000168817800093673    000034162                    000341620000000000000109                     I0234162     31011900000000040003410000017N261218104700000000000103101190000000000000000000000000000000000000000100000000000000NEUZA MARIA MACHADO DA SILVA            RUA AUGUSTO SERGIO BOTELHON 0, QUADRA 67BARRO BRANCO25267124DUQUE DE CAXIASRJUNIAO UMB DOS CULTOS AFRO BRAS    31011910 000037
10231987175000168817800093673    000034096                    000340960000000000000109                     I0234096     31011900000000040003410000017N261218104700000000000103101190000000000000000000000000000000000000000100000000000000DENIRCE SOUZA ANDRE                     AVENIDA PASTOR MARTIN LUTHER KING JUNIORTOMAS COELHO20761121RIO DE JANEIRO RJUNIAO UMB DOS CULTOS AFRO BRAS    31011910 000038
10231987175000168817800093673    000034093                    000340930000000000000109                     I0234093     31011900000000040003410000017N261218104700000000000103101190000000000000000000000000000000000000000100000000000000JUCELIO MONTINHO MAIA                   RUA OLIMPIO DA MOTA N 157,              IRAJA       21235510RIO DE JANEIRO RJUNIAO UMB DOS CULTOS AFRO BRAS    31011910 000039
10231987175000168817800093673    000034075                    000340750000000000000109                     I0234075     31011900000000040003410000017N261218104700000000000103101190000000000000000000000000000000000000000100000000934798CELSO LINS ROSA (OGAN)                  RUA LAGEADON 70,                        COLEGIO     21540680RIO DE JANEIRO RJUNIAO UMB DOS CULTOS AFRO BRAS    31011910 000040
10231987175000168817800093673    000034001                    000340010000000000000109                     I0234001     31011900000000040003410000017N261218104700000000000103101190000000000000000000000000000000000000000100000000000251NEUZA DE OLIVEIRA                       RUA CINQUENTA E CINCON 521, QUADRA 49   NOVA SEPETIB23547490SEPETIBA       RJUNIAO UMB DOS CULTOS AFRO BRAS    31011910 000041
10231987175000168817800093673    000033999                    000339990000000000000109                     I0233999     31011900000000040003410000017N261218104700000000000103101190000000000000000000000000000000000000000100000000000000ANA LUCIA FRANCISCO BORGES              RUA DO ACAFRAON 157, APTº 101          PADRE MIGUEL21870330RIO DE JANEIRO RJUNIAO UMB DOS CULTOS AFRO BRAS    31011910 000042
10231987175000168817800093673    000033996                    000339960000000000000109                     I0233996     31011900000000040003410000017N261218104700000000000103101190000000000000000000000000000000000000000100000000000000EVA ANA ROSA DOS SANTOS                 RUA SARGENTO ANDIRAS DE ABREU N 0, LOTE PALMARES - P23066080RIO DE JANEIRO RJUNIAO UMB DOS CULTOS AFRO BRAS    31011910 000043
10231987175000168817800093673    000033991                    000339910000000000000109                     I0233991     31011900000000040003410000017N261218104700000000000103101190000000000000000000000000000000000000000100000000000000OSVALDO LUIZ ESTRELA FERNANDES          RUA ANTONIO MATEUSN 0, LOTE 31 A QUADRA MAZOMBA     23826225ITAGUAI        RJUNIAO UMB DOS CULTOS AFRO BRAS    31011910 000044
10231987175000168817800093673    000033979                    000339790000000000000109                     I0233979     31011900000000040003410000017N261218104700000000000103101190000000000000000000000000000000000000000100000000000000DALILA DE SOUZA PINHEIRO                RUA JOAO BRIGIDON 121,                  MAGALHAES BA21745480RIO DE JANEIRO RJUNIAO UMB DOS CULTOS AFRO BRAS    31011910 000045
10231987175000168817800093673    000033962                    000339620000000000000109                     I0233962     31011900000000040003410000017N261218104700000000000103101190000000000000000000000000000000000000000100000000000000ELOIDE GONCALVES GAIA                   RUA IVONETEN 31, A                      CONJUNTO SAN23071580RIO DE JANEIRO RJUNIAO UMB DOS CULTOS AFRO BRAS    31011910 000046
10231987175000168817800093673    000033925                    000339250000000000000109                     I0233925     31011900000000040003410000017N261218104700000000000103101190000000000000000000000000000000000000000100000000000807ELIZA DA SILVA                          RUA AMILTON NASCIMENTON 214,            CAROLINA    26012760NOVA IGUACU    RJUNIAO UMB DOS CULTOS AFRO BRAS    31011910 000047
10231987175000168817800093673    000033916                    000339160000000000000109                     I0233916     31011900000000040003410000017N261218104700000000000103101190000000000000000000000000000000000000000100000000000000LUCIMAR FIGUEIREDO NASCIMENTO           RUA TAMANDUATEI N 215,                  CRUZEIRO DO 26012775NOVA IGUACU    RJUNIAO UMB DOS CULTOS AFRO BRAS    31011910 000048
10231987175000168817800093673    000033909                    000339090000000000000109                     I0233909     31011900000000040003410000017N261218104700000000000103101190000000000000000000000000000000000000000100000000000000NATERCIA MALVAR GARCIA LEITAO           RUA CIRO COSTAN 491,                    ENGENHO PEQU24417226SAO GONCALO    RJUNIAO UMB DOS CULTOS AFRO BRAS    31011910 000049
10231987175000168817800093673    000033894                    000338940000000000000109                     I0233894     31011900000000040003410000017N261218104700000000000103101190000000000000000000000000000000000000000100000000000000MARIA DA PIEDADE SANTANA DOS S          RUA SERGIO JOAO PEREIRAN 365,           HELIOPOLIS  26123120BELFORD ROXO   RJUNIAO UMB DOS CULTOS AFRO BRAS    31011910 000050
10231987175000168817800093673    000033893                    000338930000000000000109                     I0233893     31011900000000040003410000017N261218104700000000000103101190000000000000000000000000000000000000000100076103137774VICENTE DE PAULA PEREIRA                RUA POTINGUARAN 253,                    BOA ESPERANC26113720BELFORD ROXO   RJUNIAO UMB DOS CULTOS AFRO BRAS    31011910 000051
10231987175000168817800093673    000033887                    000338870000000000000109                     I0233887     31011900000000040003410000017N261218104700000000000103101190000000000000000000000000000000000000000100000000000790ANORELINA OLIVEIRA DOS SANTOS           RUA: MAUA N 27,  QUADRA 14              VILA SAO JOA25570151SAO JOAO DE MERRJUNIAO UMB DOS CULTOS AFRO BRAS    31011910 000052
10231987175000168817800093673    000033856                    000338560000000000000109                     I0233856     31011900000000040003410000017N261218104700000000000103101190000000000000000000000000000000000000000100000000000732MARIA DE LOURDES VIEIRA DA SIL          RUA: PEDRO FERREIRAN 0, LOTE 28 QUADRA 2JARDIM CATAR24715380SAO GONCALO    RJUNIAO UMB DOS CULTOS AFRO BRAS    31011910 000053
10231987175000168817800093673    000033845                    000338450000000000000109                     I0233845     31011900000000040003410000017N261218104700000000000103101190000000000000000000000000000000000000000100000000000000GILBERTO DA SILVA BORBA                 RUA PROFESSOR JOAO RIBEIRO FILHON 570,  ROCHA SOBRIN26232310RIO DE JANEIRO RJUNIAO UMB DOS CULTOS AFRO BRAS    31011910 000054
10231987175000168817800093673    000033844                    000338440000000000000109                     I0233844     31011900000000040003410000017N261218104700000000000103101190000000000000000000000000000000000000000100000000000000JOSE ROMERO LEITE MARTINS               RUA ALCOBACAN 1345, CASA 1              ANCHIETA    21645001RIO DE JANEIRO RJUNIAO UMB DOS CULTOS AFRO BRAS    31011910 000055
10231987175000168817800093673    000033842                    000338420000000000000109                     I0233842     31011900000000040003410000017N261218104700000000000103101190000000000000000000000000000000000000000100000000000000VANIA MEDEIROS COUTINHO                 RUA TEREZAN 0, LOTE 4 QUADRA 4          PARQUE SUECI25245470BELFORD ROXO   RJUNIAO UMB DOS CULTOS AFRO BRAS    31011910 000056
10231987175000168817800093673    000033839                    000338390000000000000109                     I0233839     31011900000000040003410000017N261218104700000000000103101190000000000000000000000000000000000000000100000000000000DAVID MOREIRA DE MENDONCA               RUA GENERAL RENATO PIQUETN 0, LOTE 27 QUVILA PARAISO23825460ITAGUAI        RJUNIAO UMB DOS CULTOS AFRO BRAS    31011910 000057
10231987175000168817800093673    000033833                    000338330000000000000109                     I0233833     31011900000000040003410000017N261218104700000000000103101190000000000000000000000000000000000000000100000000000000JOSE AMERICO ELIAS DE MIRANDA           RUA JAIME MUNIZN 0,  LOTE 1 QUADRA 12   ITAUNA      24474070SAO GONCALO    RJUNIAO UMB DOS CULTOS AFRO BRAS    31011910 000058
10231987175000168817800093673    000033824                    000338240000000000000109                     I0233824     31011900000000040003410000017N261218104700000000000103101190000000000000000000000000000000000000000100000000019700FATIMA APARECIDA AZEVEDO DE AL          RUA: VICENTE DE CARVALHO N 123,         BELFORD ROXO26165420RIO DE JANEIRO RJUNIAO UMB DOS CULTOS AFRO BRAS    31011910 000059
10231987175000168817800093673    000033818                    000338180000000000000109                     I0233818     31011900000000040003410000017N261218104700000000000103101190000000000000000000000000000000000000000100000000000000EDEVALDO NUNES                          RUA DO ROTEIRON 24,                     AUGUSTO VASC23012370RIO DE JANEIRO RJUNIAO UMB DOS CULTOS AFRO BRAS    31011910 000060
10231987175000168817800093673    000033812                    000338120000000000000109                     I0233812     31011900000000040003410000017N261218104700000000000103101190000000000000000000000000000000000000000100000000000686HILDA REGINA NICANOR DOS SANTO          RUA PASSO FUNDO - KM 35N 100, BOM JESUS JARDIM GUAND26298189NOVA IGUACU    RJUNIAO UMB DOS CULTOS AFRO BRAS    31011910 000061
10231987175000168817800093673    000033806                    000338060000000000000109                     I0233806     31011900000000040003410000017N261218104700000000000103101190000000000000000000000000000000000000000100000000000682MANOELINA DE PAULA SILVA                TRAVESSA FRANCISCO COUTO N 136,         VILA ISABEL 25811080TRES RIOS      RJUNIAO UMB DOS CULTOS AFRO BRAS    31011910 000062
10231987175000168817800093673    000033774                    000337740000000000000109                     I0233774     31011900000000040003410000017N261218104700000000000103101190000000000000000000000000000000000000000100000000000000CELIO DELDUQUE                          RUA DOMINGOS PIRES N 181, 183           PILARES     20750160RIO DE JANEIRO RJUNIAO UMB DOS CULTOS AFRO BRAS    31011910 000063
10231987175000168817800093673    000033773                    000337730000000000000109                     I0233773     31011900000000040003410000017N261218104700000000000103101190000000000000000000000000000000000000000100000000000000ANA MARIA DIAS GOMES                    RUA JOAQUIM MURTINHO N 504,             BANANEIRAS  28970000ARARUAMA       RJUNIAO UMB DOS CULTOS AFRO BRAS    31011910 000064
10231987175000168817800093673    000033767                    000337670000000000000109                     I0233767     31011900000000040003410000017N261218104700000000000103101190000000000000000000000000000000000000000220237404000100TENDA DOS ORIXAS                        RUA JOSE MARIOZZI FILHON 990,           PRAIA DA BRI23028400RIO DE JANEIRO RJUNIAO UMB DOS CULTOS AFRO BRAS    31011910 000065
10231987175000168817800093673    000033762                    000337620000000000000109                     I0233762     31011900000000040003410000017N261218104700000000000103101190000000000000000000000000000000000000000100000000000000UBIRACIRA MACHADO JANUARIO TEI          RUA SAO MARCIANON 59,                   VILA VALQUEI21321260RIO DE JANEIRO RJUNIAO UMB DOS CULTOS AFRO BRAS    31011910 000066
10231987175000168817800093673    000033757                    000337570000000000000109                     I0233757     31011900000000040003410000017N261218104700000000000103101190000000000000000000000000000000000000000100000000000000SOLANGE DOS SANTOS SILVA                RUA QUATORZEN 0, LOTE 35 CASA 131 - ARAUCAMPO GRANDE23090370RIO DE JANEIRO RJUNIAO UMB DOS CULTOS AFRO BRAS    31011910 000067
10231987175000168817800093673    000033749                    000337490000000000000109                     I0233749     31011900000000040003410000017N261218104700000000000103101190000000000000000000000000000000000000000100000000000509DENILZA THIMOTHEO ROZA                  RUA MARIO CARPENTER  N 309, ENTRADA A APPILARES     20755062RIO DE JANEIRO RJUNIAO UMB DOS CULTOS AFRO BRAS    31011910 000068
10231987175000168817800093673    000033741                    000337410000000000000109                     I0233741     31011900000000040003410000017N261218104700000000000103101190000000000000000000000000000000000000000100000000000000DENISE DOS SANTOS OLIVEIRA              RUA BEZERRIL FONTENELE N 150,           IRAJA       21361640RIO DE JANEIRO RJUNIAO UMB DOS CULTOS AFRO BRAS    31011910 000069
10231987175000168817800093673    000033709                    000337090000000000000109                     I0233709     31011900000000040003410000017N261218104700000000000103101190000000000000000000000000000000000000000100000000000000DIVINA ANGELICA LOPES                   RUA ITAIN 296,                          ANCHIETA    21645300RIO DE JANEIRO RJUNIAO UMB DOS CULTOS AFRO BRAS    31011910 000070
10231987175000168817800093673    000033697                    000336970000000000000109                     I0233697     31011900000000040003410000017N261218104700000000000103101190000000000000000000000000000000000000000100000000000582LUIZ PAULO DA SILVEIRA JUNIOR           RUA ANTONIO DE HOLANDAN 120,            JARDIM NOVO 21760060RIO DE JANEIRO RJUNIAO UMB DOS CULTOS AFRO BRAS    31011910 000071
10231987175000168817800093673    000033687                    000336870000000000000109                     I0233687     31011900000000040003410000017N261218104700000000000103101190000000000000000000000000000000000000000100000000000000MANOELLA MARIA DA CONCEICAO             RUA PIRES DO RION 928,                  EDEN        25540510SAO JOAO DE MERRJUNIAO UMB DOS CULTOS AFRO BRAS    31011910 000072
10231987175000168817800093673    000033684                    000336840000000000000109                     I0233684     31011900000000040003410000017N261218104700000000000103101190000000000000000000000000000000000000000100000000000555OLIMPIA SOARES DE ARAUJO                RUA: DEZN 0,  LOTE 46 QUADRA 12         COSMOS-  SAN23067010RIO DE JANEIRO RJUNIAO UMB DOS CULTOS AFRO BRAS    31011910 000073
10231987175000168817800093673    000033666                    000336660000000000000109                     I0233666     31011900000000040003410000017N261218104700000000000103101190000000000000000000000000000000000000000100000000000000JEANE HENRIETE JARDIM DE OLIVE          RUA DOUTOR FELIPE CALDASN 605,          SANTA HELENA26175705BELFORD ROXO   RJUNIAO UMB DOS CULTOS AFRO BRAS    31011910 000074
10231987175000168817800093673    000033652                    000336520000000000000109                     I0233652     31011900000000040003410000017N261218104700000000000103101190000000000000000000000000000000000000000100000000000000CACILDA AQUINO DOS SANTOS               RUA CATULO CEARENSE N 119,              MEIER       20730320RIO DE JANEIRO RJUNIAO UMB DOS CULTOS AFRO BRAS    31011910 000075
10231987175000168817800093673    000033651                    000336510000000000000109                     I0233651     31011900000000040003410000017N261218104700000000000103101190000000000000000000000000000000000000000100000000000116VERA NOGUEIRA FARNEZE                   ESTRADA DO MAPUA N 899,                 TAQUARA     22713320RIO DE JANEIRO RJUNIAO UMB DOS CULTOS AFRO BRAS    31011910 000076
10231987175000168817800093673    000033649                    000336490000000000000109                     I0233649     31011900000000040003410000017N261218104700000000000103101190000000000000000000000000000000000000000100000000000000REINALDO GONCALVES DA ROCHA             ESTRADA RODRIGUES CALDASN 3400, AVENIDA TAQUARA     22713375RIO DE JANEIRO RJUNIAO UMB DOS CULTOS AFRO BRAS    31011910 000077
10231987175000168817800093673    000033648                    000336480000000000000109                     I0233648     31011900000000040003410000017N261218104700000000000103101190000000000000000000000000000000000000000100000000000115MARIA APARECIDA LOPES DA SILVA          ESTRADA DOS TRES RIOSN 90, SALA 312     FREGUESIA  -22755002RIO DE JANEIRO RJUNIAO UMB DOS CULTOS AFRO BRAS    31011910 000078
10231987175000168817800093673    000033643                    000336430000000000000109                     I0233643     31011900000000040003410000017N261218104700000000000103101190000000000000000000000000000000000000000100000000000061VERA REGINA GONCALVES                   RUA ANTONIO ALVESN 417,                 COSTA BARROS21650020RIO DE JANEIRO RJUNIAO UMB DOS CULTOS AFRO BRAS    31011910 000079
9                                                                                                                                                                                                                                                                                                                                                                                                         000080
