01REMESSA01COBRANCA       817800093673        União Umb dos Cultos Afro Bra341BANCO ITAU SA  020519                                                                                                                                                                                                                                                                                                      000001
10231987175000168817800093673    000045213                    000452130000000000000109                     I0145213     30051900000000350003410000017N020519105700000000000103005190000000000000000000000000000000000000000100000339035730RICARDO MARREIROS NETO                  ESTRADA: DO MORGADO N 511,              VARGEM GRAND22785550RIO DE JANEIRO RJUNIAO UMB DOS CULTOS AFRO BRAS    30051915 000002
10231987175000168817800093673    000045212                    000452120000000000000109                     I0245212     30051900000000000003410000017N020519105700000000000103005190000000000000000000000000000000000000000100000339035730RICARDO MARREIROS NETO                  ESTRADA: DO MORGADO N 511,              VARGEM GRAND22785550RIO DE JANEIRO RJUNIAO UMB DOS CULTOS AFRO BRAS    30051915 000003
10231987175000168817800093673    000045211                    000452110000000000000109                     I0145211     30051900000000350003410000017N020519105700000000000103005190000000000000000000000000000000000000000100074338960744GILBERTO JORGE DA CRUZ ARAUJO           RUA SAO FRANCISCO XAVIERN 39, APTº 703 TIJUCA      20550010RIO DE JANEIRO RJUNIAO UMB DOS CULTOS AFRO BRAS    30051915 000004
10231987175000168817800093673    000045210                    000452100000000000000109                     I0145210     30061900000000040003410000017N020519105700000000000103006190000000000000000000000000000000000000000100002088399763CLEIDE PADILHA RAMOS                    RUA PAULO FERNANDESN 10,                SAMBURA (TAM28926700CABO FRIO      RJUNIAO UMB DOS CULTOS AFRO BRAS    30061915 000005
10231987175000168817800093673    000045209                    000452090000000000000109                     I0145209     30051900000000040003410000017N020519105700000000000103005190000000000000000000000000000000000000000100002088399763CLEIDE PADILHA RAMOS                    RUA PAULO FERNANDESN 10,                SAMBURA (TAM28926700CABO FRIO      RJUNIAO UMB DOS CULTOS AFRO BRAS    30051915 000006
10231987175000168817800093673    000045208                    000452080000000000000109                     I0145208     30061900000000040003410000017N020519105700000000000103006190000000000000000000000000000000000000000100002366417780ROSEMAR SOARES                          RODOVIA AMARAL PEIXOTON 0, KM 1691 - TRAUNAMAR      28950000CABO FRIO      RJUNIAO UMB DOS CULTOS AFRO BRAS    30061915 000007
10231987175000168817800093673    000045207                    000452070000000000000109                     I0145207     30051900000000040003410000017N020519105700000000000103005190000000000000000000000000000000000000000100002366417780ROSEMAR SOARES                          RODOVIA AMARAL PEIXOTON 0, KM 1691 - TRAUNAMAR      28950000CABO FRIO      RJUNIAO UMB DOS CULTOS AFRO BRAS    30051915 000008
10231987175000168817800093673    000045206                    000452060000000000000109                     I0145206     30061900000000040003410000017N020519105700000000000103006190000000000000000000000000000000000000000100000957434723SIRLENE MINEIRO SALLES                  RUA ABELARDO BARBOSAN 0, LOTE 14 QUADRA SANTA MARGAR28928704CABO FRIO      RJUNIAO UMB DOS CULTOS AFRO BRAS    30061915 000009
10231987175000168817800093673    000045205                    000452050000000000000109                     I0145205     30051900000000040003410000017N020519105700000000000103005190000000000000000000000000000000000000000100000957434723SIRLENE MINEIRO SALLES                  RUA ABELARDO BARBOSAN 0, LOTE 14 QUADRA SANTA MARGAR28928704CABO FRIO      RJUNIAO UMB DOS CULTOS AFRO BRAS    30051915 000010
10231987175000168817800093673    000045204                    000452040000000000000109                     I0145204     30061900000000040003410000017N020519105700000000000103006190000000000000000000000000000000000000000100007986433744JUCIARA GONCALVES ARRUDA                RUA DOS MACACOSN 38,                    UNAMAR (TAMO28928176CABO FRIO      RJUNIAO UMB DOS CULTOS AFRO BRAS    30061915 000011
10231987175000168817800093673    000045203                    000452030000000000000109                     I0145203     30051900000000040003410000017N020519105700000000000103005190000000000000000000000000000000000000000100007986433744JUCIARA GONCALVES ARRUDA                RUA DOS MACACOSN 38,                    UNAMAR (TAMO28928176CABO FRIO      RJUNIAO UMB DOS CULTOS AFRO BRAS    30051915 000012
10231987175000168817800093673    000045202                    000452020000000000000109                     I0145202     30061900000000040003410000017N020519105700000000000103006190000000000000000000000000000000000000000100004791629728CELIO LUIZ DE SANT ANNA                 RUA DAS RAPOSASN 13, TRAVESSA DOS PREAS SAMBURA (TAM28926736CABO FRIO      RJUNIAO UMB DOS CULTOS AFRO BRAS    30061915 000013
10231987175000168817800093673    000045201                    000452010000000000000109                     I0145201     30051900000000040003410000017N020519105700000000000103005190000000000000000000000000000000000000000100004791629728CELIO LUIZ DE SANT ANNA                 RUA DAS RAPOSASN 13, TRAVESSA DOS PREAS SAMBURA (TAM28926736CABO FRIO      RJUNIAO UMB DOS CULTOS AFRO BRAS    30051915 000014
10231987175000168817800093673    000045200                    000452000000000000000109                     I0145200     06051900000000040003410000017N020519105700000000000100605190000000000000000000000000000000000000000100007271009710MARCELLO FERREIRA DE ARAUJO             RUA IPEUVAN 106,                        BRAZ DE PINA21215400RIO DE JANEIRO RJUNIAO UMB DOS CULTOS AFRO BRAS    06051915 000015
10231987175000168817800093673    000045199                    000451990000000000000109                     I0145199     30061900000000040003410000017N020519105700000000000103006190000000000000000000000000000000000000000100011615621172DILMA DE ALBUQUERQUE SANTOS             RUA ALECRIMN 481, CASA 2                VILA KOSMOS 21220050RIO DE JANEIRO RJUNIAO UMB DOS CULTOS AFRO BRAS    30061915 000016
10231987175000168817800093673    000045198                    000451980000000000000109                     I0145198     31051900000000040003410000017N020519105700000000000103105190000000000000000000000000000000000000000100011615621172DILMA DE ALBUQUERQUE SANTOS             RUA ALECRIMN 481, CASA 2                VILA KOSMOS 21220050RIO DE JANEIRO RJUNIAO UMB DOS CULTOS AFRO BRAS    31051915 000017
10231987175000168817800093673    000045197                    000451970000000000000109                     I0145197     30051900000000400003410000017N020519105700000000000103005190000000000000000000000000000000000000000100007955134702SOLANGE LAPOENTE PORTO                  ESTRADA DE INHOAIBA N 26,               CAMPO GRANDE23083010RIO DE JANEIRO RJUNIAO UMB DOS CULTOS AFRO BRAS    30051915 000018
10231987175000168817800093673    000045196                    000451960000000000000109                     I0145196     15051900000000100003410000017N020519105700000000000101505190000000000000000000000000000000000000000100063796600700KATIA REGINA PINTO PACHECO              RUA JOAO RICARDON 0, LOTE 18 QUADRA 2   NOVO MEXICO 24754080SAO GONCALO    RJUNIAO UMB DOS CULTOS AFRO BRAS    15051915 000019
10231987175000168817800093673    000045195                    000451950000000000000109                     I0145195     30061900000000040003410000017N020519105700000000000103006190000000000000000000000000000000000000000100000588321737ILIDIA MAGNA DA SILVA DE OLIVE          RUA: LEOCADIO DE MELO N 272,            NOVA ERA    26272060NOVA IGUACU    RJUNIAO UMB DOS CULTOS AFRO BRAS    30061915 000020
10231987175000168817800093673    000045194                    000451940000000000000109                     I0145194     30051900000000040003410000017N020519105700000000000103005190000000000000000000000000000000000000000100000588321737ILIDIA MAGNA DA SILVA DE OLIVE          RUA: LEOCADIO DE MELO N 272,            NOVA ERA    26272060NOVA IGUACU    RJUNIAO UMB DOS CULTOS AFRO BRAS    30051915 000021
10231987175000168817800093673    000045193                    000451930000000000000109                     I0145193     10051900000000040003410000017N020519105700000000000101005190000000000000000000000000000000000000000100000588321737ILIDIA MAGNA DA SILVA DE OLIVE          RUA: LEOCADIO DE MELO N 272,            NOVA ERA    26272060NOVA IGUACU    RJUNIAO UMB DOS CULTOS AFRO BRAS    10051915 000022
10231987175000168817800093673    000045192                    000451920000000000000109                     I0145192     10051900000000400003410000017N020519105700000000000101005190000000000000000000000000000000000000000100011639602763PAULO HUMBERTO AZEVEDO PONTE J          AVENIDA: MARECHAL RONDONN 1037, SOBRADO SAO FRANCISC20950003RIO DE JANEIRO RJUNIAO UMB DOS CULTOS AFRO BRAS    10051915 000023
10231987175000168817800093673    000045191                    000451910000000000000109                     I0145191     20051900000000700003410000017N020519105700000000000102005190000000000000000000000000000000000000000100000318005727VANIA PASSOS LIMA                       RUA CARDOSO QUINTAON 40, TERREO         PIEDADE     21381460RIO DE JANEIRO RJUNIAO UMB DOS CULTOS AFRO BRAS    20051915 000024
10231987175000168817800093673    000045060                    000450600000000000000109                     I0245060     25041900000000400003410000017N150419105700000000000102504190000000000000000000000000000000000000000100011639602763PAULO HUMBERTO AZEVEDO PONTE J          AVENIDA: MARECHAL RONDONN 1037, SOBRADO SAO FRANCISC20950003RIO DE JANEIRO RJUNIAO UMB DOS CULTOS AFRO BRAS    25041915 000025
10231987175000168817800093673    000038760                    000387600000000000000109                     I0238760     30031900000000040003410000017N261218105700000000000103003190000000000000000000000000000000000000000100007271009710MARCELLO FERREIRA DE ARAUJO             RUA IPEUVAN 106,                        BRAZ DE PINA21215400RIO DE JANEIRO RJUNIAO UMB DOS CULTOS AFRO BRAS    30031915 000026
10231987175000168817800093673    000038389                    000383890000000000000109                     I0238389     30031900000000040003410000017N261218105700000000000103003190000000000000000000000000000000000000000100000916014797ANGELA DA SILVA RIBEIRO                 TRAVESSA CARLOS SAMPAION 28,            VILA ZENITE 26088040NOVA IGUACU    RJUNIAO UMB DOS CULTOS AFRO BRAS    30031915 000027
9                                                                                                                                                                                                                                                                                                                                                                                                         000028
