01REMESSA01COBRANCA       817800093673        União Umb dos Cultos Afro Bra341BANCO ITAU SA  080118                                                                                                                                                                                                                                                                                                      000001
10231987175000168817800093673    00008303                     000083030000000000000109                     I018303      28021800000000035003410000017N291217050900000000000102802180000000000000000000000000000000000000000100001030634718EDILENE DE OLIVEIRA FERREIRA            RUA IPE LOTE 18 QUADRA 128              PRADO VERDE 26299279NOVA IGUACU    RJUNIAO UMB DOS CULTOS AFRO BRAS    28021810 000002
10231987175000168817800093673    00008302                     000083020000000000000109                     I018302      28021800000000035003410000017N291217050900000000000102802180000000000000000000000000000000000000000100002819747728ANDRE RENATO DOS SANTOS VIANA           RUA RODRIGUES ALVES SN LOTE 38 QUADRA 82VILA SAPE - 25275440DUQUE DE CAXIASRJUNIAO UMB DOS CULTOS AFRO BRAS    28021810 000003
10231987175000168817800093673    00008301                     000083010000000000000109                     I018301      28021800000000035003410000017N291217050900000000000102802180000000000000000000000000000000000000000100011790209790NOILDA SANTIAGO DA SILVA                RUA ADRIANA N 203 FUNDOS                VALVERDE - N26290645NOVA IGUACU    RJUNIAO UMB DOS CULTOS AFRO BRAS    28021810 000004
10231987175000168817800093673    00008299                     000082990000000000000109                     I018299      28021800000000035003410000017N291217050900000000000102802180000000000000000000000000000000000000000100007279623700RODRIGO AYRES                           RUA CARIJOS N 23 CASA 1                 MEIER - RIO 20720360RIO DE JANEIRO RJUNIAO UMB DOS CULTOS AFRO BRAS    28021810 000005
10231987175000168817800093673    00008298                     000082980000000000000109                     I018298      28021800000000035003410000017N291217050900000000000102802180000000000000000000000000000000000000000100011036139794CARLA COUTO DE SOUZA                    RUA C N 150                             AMAPA - DUQU25235265DUQUE DE CAXIASRJUNIAO UMB DOS CULTOS AFRO BRAS    28021810 000006
10231987175000168817800093673    00008297                     000082970000000000000109                     I018297      28021800000000035003410000017N291217050900000000000102802180000000000000000000000000000000000000000100001199518786ADRIANA DE OLIVEIRA COUTO               RUA ITALIA LOTE 9 QUADRA 70             CACHOEIRINHA25916256PIABETA - MAGE RJUNIAO UMB DOS CULTOS AFRO BRAS    28021810 000007
10231987175000168817800093673    00008296                     000082960000000000000109                     I018296      28021800000000035003410000017N291217050900000000000102802180000000000000000000000000000000000000000100008133276799AROLDO VAZ DE COSTA                     AVENIDA SAO JOAO DE MERITI LOTE 3 QUADRAJARDIM METRO25571161SAO JOAO DE MERRJUNIAO UMB DOS CULTOS AFRO BRAS    28021810 000008
10231987175000168817800093673    00008295                     000082950000000000000109                     I018295      28021800000000035003410000017N291217050900000000000102802180000000000000000000000000000000000000000100003601608758NILDA MAURA RODRIGUES DE JESUS          RUA ARI VILAR, SERVIDAO 1 CASA 17       COSTA BARROS21520860RIO DE JANEIRO RJUNIAO UMB DOS CULTOS AFRO BRAS    28021810 000009
10231987175000168817800093673    00008294                     000082940000000000000109                     I018294      28021800000000035003410000017N291217050900000000000102802180000000000000000000000000000000000000000100093546602749JANE FERNANDES DAS CHAGAS HENR          ESTRADA DO PRE, 54 FUNDOS               SENADOR VASC23013550RIO DE JANEIRO RJUNIAO UMB DOS CULTOS AFRO BRAS    28021810 000010
10231987175000168817800093673    00008293                     000082930000000000000109                     I018293      28021800000000035003410000017N291217050900000000000102802180000000000000000000000000000000000000000100043385184720CELINA MONTEIRO DE OLIVEIRA             TRAVESSA ANTONIO GONCALVES, 18          CUBANGO - NI24240396NITEROI        RJUNIAO UMB DOS CULTOS AFRO BRAS    28021810 000011
10231987175000168817800093673    00008292                     000082920000000000000109                     I018292      28021800000000035003410000017N291217050900000000000102802180000000000000000000000000000000000000000100066320577720RICARDO DE CASSIO TEIXEIRA DIA          RUA PORTO SEGURO,  LOTE 7 QUADRA 99     DOUTOR LAURE25051080DUQUE DE CAXIASRJUNIAO UMB DOS CULTOS AFRO BRAS    28021810 000012
10231987175000168817800093673    00008291                     000082910000000000000109                     I018291      28021800000000035003410000017N291217050900000000000102802180000000000000000000000000000000000000000100002533273775GLAUCE MAGALHAES JARDELINO              RUA JABORANDI, 171 FUNDOS               VILA COSMO -21220220RIO DE JANEIRO RJUNIAO UMB DOS CULTOS AFRO BRAS    28021810 000013
10231987175000168817800093673    00008290                     000082900000000000000109                     I018290      28021800000000035003410000017N291217050900000000000102802180000000000000000000000000000000000000000100000292323760MAURICIO MANTELLI                       AVENIDA GETULIO VARGAS 2589             CENTRO - NIL26525012NILOPOLIS      RJUNIAO UMB DOS CULTOS AFRO BRAS    28021810 000014
10231987175000168817800093673    00008289                     000082890000000000000109                     I018289      28021800000000035003410000017N291217050900000000000102802180000000000000000000000000000000000000000100048366030725SILVIA REGINA DE SOUZA CASTILH          RUA SOLDADO FILISBINO DOS SANTOS, 278   PALMARES - P23066000RIO DE JANEIRO RJUNIAO UMB DOS CULTOS AFRO BRAS    28021810 000015
10231987175000168817800093673    00008288                     000082880000000000000109                     I018288      28021800000000035003410000017N291217050900000000000102802180000000000000000000000000000000000000000100001872874738ADENILDES ARIFES DE OLIVEIRA            RUA CARLOS SAMPAIO, 246 APTO 702        CENTRO - RJ 20231085RIO DE JANEIRO RJUNIAO UMB DOS CULTOS AFRO BRAS    28021810 000016
10231987175000168817800093673    00008287                     000082870000000000000109                     I018287      28021800000000035003410000017N291217050900000000000102802180000000000000000000000000000000000000000100005241615776SIMONE ALICE CACCAVO GRIBEL             RUA VENEZA, 142                         PRAIA DE MAU25900000MAGE           RJUNIAO UMB DOS CULTOS AFRO BRAS    28021810 000017
10231987175000168817800093673    00008286                     000082860000000000000109                     I018286      28021800000000035003410000017N291217050900000000000102802180000000000000000000000000000000000000000100011519708750GERALDINA DA SILVA MENDONCA             AV. ALBERTINO LADEIRA, 63               ENGENHEIRO R26041510NOVA IGUACU    RJUNIAO UMB DOS CULTOS AFRO BRAS    28021810 000018
10231987175000168817800093673    00008285                     000082850000000000000109                     I018285      28021800000000035003410000017N291217050900000000000102802180000000000000000000000000000000000000000100007399837767CINTIA SILVA MIRANDA                    RUA COSTA RICA, 30 APTO 202             PENHA - RJ  21020340RIO DE JANEIRO RJUNIAO UMB DOS CULTOS AFRO BRAS    28021810 000019
10231987175000168817800093673    00008284                     000082840000000000000109                     I018284      28021800000000035003410000017N291217050900000000000102802180000000000000000000000000000000000000000100062642049787ROSALIA FERREIRA DA SILVA               RUA CLARIMUNDO DE MELO, 680             PIEDADE - RJ21311300RIO DE JANEIRO RJUNIAO UMB DOS CULTOS AFRO BRAS    28021810 000020
10231987175000168817800093673    00008283                     000082830000000000000109                     I018283      28021800000000035003410000017N291217050900000000000102802180000000000000000000000000000000000000000100011639602763PAULO HUMBERTO AZEVEDO PONTE J          RUA MARECHAL RONDON, 1037 - SOBRADO     SAO FRANCISC20950003RIO DE JANEIRO RJUNIAO UMB DOS CULTOS AFRO BRAS    28021810 000021
10231987175000168817800093673    00008282                     000082820000000000000109                     I018282      28021800000000035003410000017N291217050900000000000102802180000000000000000000000000000000000000000100012106775717VITOR GABRIEL CARVALHO DE FIGU          RUA GENERAL BELFORD, 295 CASA 12        ROCHA - RJ  20961000RIO DE JANEIRO RJUNIAO UMB DOS CULTOS AFRO BRAS    28021810 000022
10231987175000168817800093673    00008281                     000082810000000000000109                     I018281      28021800000000035003410000017N291217050900000000000102802180000000000000000000000000000000000000000100095685774753ADEMIR GOMES DOS SANTOS                 AVENIDA NOSSA SENHORA DAS GRACAS, 546   SAO JOAO DE 25515001RIO DE JANEIRO RJUNIAO UMB DOS CULTOS AFRO BRAS    28021810 000023
10231987175000168817800093673    00008280                     000082800000000000000109                     I018280      28021800000000035003410000017N291217050900000000000102802180000000000000000000000000000000000000000100010355748703MARIA LUIZA LOPES                       RUA DOUTOR NUNES, 1243 APTO 302         OLARIA - RJ 21021370RIO DE JANEIRO RJUNIAO UMB DOS CULTOS AFRO BRAS    28021810 000024
10231987175000168817800093673    00008278                     000082780000000000000109                     I018278      28021800000000035003410000017N291217050900000000000102802180000000000000000000000000000000000000000100001123258740ZALA PEREIRA DE OLIVEIRA                RUA CORDEIROPOLIS, QUADRA 62 LOTE 24    PACIENCIA - 23585510RIO DE JANEIRO RJUNIAO UMB DOS CULTOS AFRO BRAS    28021810 000025
10231987175000168817800093673    00008277                     000082770000000000000109                     I018277      28021800000000035003410000017N291217050900000000000102802180000000000000000000000000000000000000000100012874409758CLAUDIA DA SILVA NOBRE DE MIRA          RUA SEIS, 70 - FIGUEIRA                 MAUA - MAGE 25930000MAGE           RJUNIAO UMB DOS CULTOS AFRO BRAS    28021810 000026
10231987175000168817800093673    00008276                     000082760000000000000109                     I018276      28021800000000035003410000017N291217050900000000000102802180000000000000000000000000000000000000000100068824238734MARINETE LOPES DE MOURA                 RUA GENERAL, LOTE 4 QUADRA 2 N 9        PIABETA - MA25915000MAGE           RJUNIAO UMB DOS CULTOS AFRO BRAS    28021810 000027
10231987175000168817800093673    00008275                     000082750000000000000109                     I018275      28021800000000035003410000017N291217050900000000000102802180000000000000000000000000000000000000000100037506587734MARIA JOSE ALVES DIAS                   RUA CLODOMIRO, 105                      SANTA CRUZ/R23550020RIO DE JANEIRO RJUNIAO UMB DOS CULTOS AFRO BRAS    28021810 000028
10231987175000168817800093673    00008274                     000082740000000000000109                     I028274      28021800000000035003410000017N291217050900000000000102802180000000000000000000000000000000000000000100058075402715GENECY GOMES FERNANDES                  RUA MARIA HELENA, 209                   VILA FORMOSA25915000MAGE           RJUNIAO UMB DOS CULTOS AFRO BRAS    28021810 000029
10231987175000168817800093673    00008273                     000082730000000000000109                     I018273      28021800000000035003410000017N291217050900000000000102802180000000000000000000000000000000000000000100065753313787ELVIRA FLAUZINA CELSO                   RUA DA CONCEICAO, 112                   SANTA ROSA /27155000BARRA DO PIRAI RJUNIAO UMB DOS CULTOS AFRO BRAS    28021810 000030
10231987175000168817800093673    00008272                     000082720000000000000109                     I018272      28021800000000035003410000017N291217050900000000000102802180000000000000000000000000000000000000000100007986589752LEANDRO DOS SANTOS RODRIGUES            AVENIDA GASPAR DE LEMOS, 13             ILHA DE GUAR23020230RIO DE JANEIRO RJUNIAO UMB DOS CULTOS AFRO BRAS    28021810 000031
10231987175000168817800093673    00008271                     000082710000000000000109                     I018271      28021800000000035003410000017N291217050900000000000102802180000000000000000000000000000000000000000100007991824780DANIELLE OLIVEIRA DOS SANTOS            RUA GAMO, 4                             JARDIM METRO25575380SAO JOAO DE MERRJUNIAO UMB DOS CULTOS AFRO BRAS    28021810 000032
10231987175000168817800093673    00008270                     000082700000000000000109                     I018270      28021800000000035003410000017N291217050900000000000102802180000000000000000000000000000000000000000100010525485716JORGE SANTOS DA SILVA                   RUA TENENTE CUSTODIO MOREIRA, 24        JARDIM XAVAN26125000BELFORD ROXO   RJUNIAO UMB DOS CULTOS AFRO BRAS    28021810 000033
10231987175000168817800093673    00008269                     000082690000000000000109                     I018269      28021800000000035003410000017N291217050900000000000102802180000000000000000000000000000000000000000100008169125723SANDRA PRAXEDES SILVA BRAGA             RUA NOVENTA TRES, LOTE 36 QUADRA 131    CORDEIRINHO 24921464MARICA         RJUNIAO UMB DOS CULTOS AFRO BRAS    28021810 000034
10231987175000168817800093673    00008268                     000082680000000000000109                     I018268      28021800000000035003410000017N291217050900000000000102802180000000000000000000000000000000000000000100010548215774MARCUS ULYSSES ALVAREZ BARBOSA          RUA TIBOIM, 590                         BRAS DE PINA21011650RIO DE JANEIRO RJUNIAO UMB DOS CULTOS AFRO BRAS    28021810 000035
10231987175000168817800093673    00008267                     000082670000000000000109                     I018267      28021800000000035003410000017N291217050900000000000102802180000000000000000000000000000000000000000100006940060766JAQUELINE BEZERRA DA SILVA              RUA ATOR JECE VALADAO, 329 - ANTIGA 73  PEDRA DE GUA23020718RIO DE JANEIRO RJUNIAO UMB DOS CULTOS AFRO BRAS    28021810 000036
10231987175000168817800093673    00008266                     000082660000000000000109                     I018266      28021800000000035003410000017N291217050900000000000102802180000000000000000000000000000000000000000100080113397704SOLANGE DE SOUZA SILVA                  RUA PEDRO DE MELO, 174 FUNDOS           PADRE MIGUEL21775410RIO DE JANEIRO RJUNIAO UMB DOS CULTOS AFRO BRAS    28021810 000037
10231987175000168817800093673    00008265                     000082650000000000000109                     I018265      28021800000000035003410000017N291217050900000000000102802180000000000000000000000000000000000000000100098077899749WANDERLEY PACHECO                       RUA NOSSA SENHORA DA CONCEICAO, S/N LOTEPILAR - DUQU25233070DUQUE DE CAXIASRJUNIAO UMB DOS CULTOS AFRO BRAS    28021810 000038
10231987175000168817800093673    00008264                     000082640000000000000109                     I018264      28021800000000035003410000017N291217050900000000000102802180000000000000000000000000000000000000000100022002020778MARIA PALMIRA DE AMORIM LOPES           ESTRADA ANTONIO CARVALHO VENTURA, 1720 QALBUQUERQUE 25977280TERESOPOLIS    RJUNIAO UMB DOS CULTOS AFRO BRAS    28021810 000039
10231987175000168817800093673    00008263                     000082630000000000000109                     I018263      28021800000000035003410000017N291217050900000000000102802180000000000000000000000000000000000000000100080252540700GEORGET MARIA CONCEICAO DE OLI          RUA CONDE DE LINHARES, 75 FUNDOS        OSWALDO CRUZ21341190RIO DE JANEIRO RJUNIAO UMB DOS CULTOS AFRO BRAS    28021810 000040
10231987175000168817800093673    00008262                     000082620000000000000109                     I018262      28021800000000035003410000017N291217050900000000000102802180000000000000000000000000000000000000000100008528931757LUCIMARA DA CONCEICAO CORTES            RUA PROFESSOR CHARLEY LACHMUND, 360 FUNDGUARATIBA - 23032570RIO DE JANEIRO RJUNIAO UMB DOS CULTOS AFRO BRAS    28021810 000041
10231987175000168817800093673    00008260                     000082600000000000000109                     I018260      28021800000000035003410000017N291217050900000000000102802180000000000000000000000000000000000000000100083904069772MARCIA MARIA DUARTE MILANEZ VI          RUA DO FRAGOSO, 480                     GUARATIBA - 23032280RIO DE JANEIRO RJUNIAO UMB DOS CULTOS AFRO BRAS    28021810 000042
10231987175000168817800093673    00008259                     000082590000000000000109                     I018259      28021800000000035003410000017N291217050900000000000102802180000000000000000000000000000000000000000100000635840774MARCOS DE OLIVEIRA                      RUA MARCILIO DIAS, 408                  JARDIM CAICA28910080CABO FRIO      RJUNIAO UMB DOS CULTOS AFRO BRAS    28021810 000043
10231987175000168817800093673    00008258                     000082580000000000000109                     I018258      28021800000000035003410000017N291217050900000000000102802180000000000000000000000000000000000000000100009488185732RODRIGO MARTINS DE ANDRADE              RUA SAO CARLOS, 441                     ESTACIO - RJ20250052RIO DE JANEIRO RJUNIAO UMB DOS CULTOS AFRO BRAS    28021810 000044
10231987175000168817800093673    00008257                     000082570000000000000109                     I018257      28021800000000035003410000017N291217050900000000000102802180000000000000000000000000000000000000000100000360973736CLAUDIA PINHEIRO CID                    RUA BRAGA, 106 CASA 2                   PENHA - RJ  21011500RIO DE JANEIRO RJUNIAO UMB DOS CULTOS AFRO BRAS    28021810 000045
10231987175000168817800093673    00008256                     000082560000000000000109                     I018256      28021800000000035003410000017N291217050900000000000102802180000000000000000000000000000000000000000100000043874738ANDREA COSTA                            RUA ATHOS BULCAO, 68 CASA C             RECREIO DOS 22790661RIO DE JANEIRO RJUNIAO UMB DOS CULTOS AFRO BRAS    28021810 000046
10231987175000168817800093673    00008255                     000082550000000000000109                     I018255      28021800000000035003410000017N291217050900000000000102802180000000000000000000000000000000000000000100073296902791CARLOS ALEXANDRE FERNANDES SAM          RUA BORJA REIS, 525                     ENGENHO DE D20745100RIO DE JANEIRO RJUNIAO UMB DOS CULTOS AFRO BRAS    28021810 000047
10231987175000168817800093673    00008254                     000082540000000000000109                     I018254      28021800000000035003410000017N291217050900000000000102802180000000000000000000000000000000000000000100062990772715MARLISE VINAGRE SILVA                   RUA SILVEIRA MARTINS, 30 APTO 704       CATETE - RJ 26299042RIO DE JANEIRO RJUNIAO UMB DOS CULTOS AFRO BRAS    28021810 000048
10231987175000168817800093673    00008253                     000082530000000000000109                     I018253      28021800000000035003410000017N291217050900000000000102802180000000000000000000000000000000000000000100073494682704MARILENE VIEIRA DE CARVALHO             RUA CRISTIANO MACHADO, 282              JARDIM AMERI21240470RIO DE JANEIRO RJUNIAO UMB DOS CULTOS AFRO BRAS    28021810 000049
10231987175000168817800093673    00008251                     000082510000000000000109                     I018251      28021800000000035003410000017N291217050900000000000102802180000000000000000000000000000000000000000100003538138770ELIZABETH DE SANTANA                    RUA FIGUEIREDO PIMENTEL, 84 CASA 1      ABOLICAO - R20750200RIO DE JANEIRO RJUNIAO UMB DOS CULTOS AFRO BRAS    28021810 000050
10231987175000168817800093673    00008250                     000082500000000000000109                     I018250      28021800000000035003410000017N291217050900000000000102802180000000000000000000000000000000000000000100007315512730SIDCLAY MEDEIROS DOS SANTOS             TRAVESSA ANES DIAS, 9                   SANTISSIMO -23094010RIO DE JANEIRO RJUNIAO UMB DOS CULTOS AFRO BRAS    28021810 000051
10231987175000168817800093673    00008249                     000082490000000000000109                     I018249      28021800000000035003410000017N291217050900000000000102802180000000000000000000000000000000000000000100003322124754CATIA REGINA DE AQUINO MACHADO          RUA CLAUDINO BARATA, 863 CASA 5         REALENGO - R21770200RIO DE JANEIRO RJUNIAO UMB DOS CULTOS AFRO BRAS    28021810 000052
10231987175000168817800093673    00008248                     000082480000000000000109                     I018248      28021800000000035003410000017N291217050900000000000102802180000000000000000000000000000000000000000100064075338720VALDENICE CONCEICAO DA SILVA C          RUA FELIX ANTONIO DA SILVA, LOTE 47     ENGENHO PEQU24417580SAO GONCALO    RJUNIAO UMB DOS CULTOS AFRO BRAS    28021810 000053
10231987175000168817800093673    00008247                     000082470000000000000109                     I018247      28021800000000035003410000017N291217050900000000000102802180000000000000000000000000000000000000000100007403285735MARCIO BAPTISTA CARVALHO                RUA ENALDO DOS SANTOS ARAUJO, 85        ENGENHEIRO L21370200RIO DE JANEIRO RJUNIAO UMB DOS CULTOS AFRO BRAS    28021810 000054
10231987175000168817800093673    00008246                     000082460000000000000109                     I018246      28021800000000035003410000017N291217050900000000000102802180000000000000000000000000000000000000000100098630164700LEILA DE JESUS FREIRE                   RUA JABUTICABEIRA, 52 CASA 1            SENADOR CAMA21832340RIO DE JANEIRO RJUNIAO UMB DOS CULTOS AFRO BRAS    28021810 000055
10231987175000168817800093673    00008245                     000082450000000000000109                     I018245      28021800000000035003410000017N291217050900000000000102802180000000000000000000000000000000000000000100085775576772LUSIA DE FREITAS SERVA                  RUA PEREIRA NETO S/N LOTE 35 QUADRA 38  GUARATIBA - 23032540RIO DE JANEIRO RJUNIAO UMB DOS CULTOS AFRO BRAS    28021810 000056
10231987175000168817800093673    00008244                     000082440000000000000109                     I018244      28021800000000035003410000017N291217050900000000000102802180000000000000000000000000000000000000000100005444285797CICERO PEREIRA GOMES NETO               RUA CAPITAO RUBENS, 1 BL 8 APTO 108     MARECHAL HER21610290RIO DE JANEIRO RJUNIAO UMB DOS CULTOS AFRO BRAS    28021810 000057
10231987175000168817800093673    00008243                     000082430000000000000109                     I018243      28021800000000035003410000017N291217050900000000000102802180000000000000000000000000000000000000000100083469559791ALEXANDRE DA SILVA SOUZA                RUA AFONSO RIBEIRO, 582                 PENHA - RJ  21031700RIO DE JANEIRO RJUNIAO UMB DOS CULTOS AFRO BRAS    28021810 000058
10231987175000168817800093673    00008242                     000082420000000000000109                     I018242      28021800000000035003410000017N291217050900000000000102802180000000000000000000000000000000000000000100086450328304ANA MARIA SOUZA MACIEL                  RUA DOUTOR ANTONIO LEAL, 42             HONORIO GURG21511070RIO DE JANEIRO RJUNIAO UMB DOS CULTOS AFRO BRAS    28021810 000059
10231987175000168817800093673    00008241                     000082410000000000000109                     I018241      28021800000000035003410000017N291217050900000000000102802180000000000000000000000000000000000000000100059841672715MONICA TARDELLE                         RUA EUBANQUE 16 APTO 201                ENGENHO DA R20766600RIO DE JANEIRO RJUNIAO UMB DOS CULTOS AFRO BRAS    28021810 000060
10231987175000168817800093673    00008239                     000082390000000000000109                     I018239      28021800000000035003410000017N291217050900000000000102802180000000000000000000000000000000000000000100082993610791JOSE CARLOS ROSA DA CONCEICAO           AVENIDA CANAL DA FIGUEIRA, QUADRA A LOTEJD ANHANGA -25264160DUQUE DE CAXIASRJUNIAO UMB DOS CULTOS AFRO BRAS    28021810 000061
10231987175000168817800093673    00008238                     000082380000000000000109                     I018238      28021800000000035003410000017N291217050900000000000102802180000000000000000000000000000000000000000100003317113707WIRANI MARTINS                          RUA ETELVINA DE CASTRO LOTE 16 QUADRA 14PQ ELDORADO 25240390DUQUE DE CAXIASRJUNIAO UMB DOS CULTOS AFRO BRAS    28021810 000062
10231987175000168817800093673    00008237                     000082370000000000000109                     I018237      28021800000000035003410000017N291217050900000000000102802180000000000000000000000000000000000000000100011418927740JORGE MARCOS DE SA FREIRE               RUA RIO ALVA LOTE 6 QUADRA 9            PARQUE COMER25041430DUQUE DE CAXIASRJUNIAO UMB DOS CULTOS AFRO BRAS    28021810 000063
10231987175000168817800093673    00008236                     000082360000000000000109                     I018236      28021800000000035003410000017N291217050900000000000102802180000000000000000000000000000000000000000100091097810787SOLANGE VALENTIM DA SILVA               RUA URUCUIA, 773                        VILA VALQUEI21321310RIO DE JANEIRO RJUNIAO UMB DOS CULTOS AFRO BRAS    28021810 000064
10231987175000168817800093673    00008235                     000082350000000000000109                     I018235      28021800000000035003410000017N291217050900000000000102802180000000000000000000000000000000000000000100061458317749BENEDITA DEODORO DE MORAIS              RUA GENTIL DINIZ, 69 - NOVO MEXICO      NOVO MEXICO 27130170BARRA DO PIRAI RJUNIAO UMB DOS CULTOS AFRO BRAS    28021810 000065
10231987175000168817800093673    00008234                     000082340000000000000109                     I018234      28021800000000035003410000017N291217050900000000000102802180000000000000000000000000000000000000000100008417913769SANDERSON DOS SANTOS LOBO               RUA GUARANHUNS, 167 CASA 1              JARDIM BRASI26193070BELFORD ROXO   RJUNIAO UMB DOS CULTOS AFRO BRAS    28021810 000066
10231987175000168817800093673    00008233                     000082330000000000000109                     I018233      28021800000000035003410000017N291217050900000000000102802180000000000000000000000000000000000000000100086257277787WLADIMIR DO CARMO PINTO                 RUA ARLETE CELESTINO AYRES VANDERLEY, 33JARDIM SULAC21745650RIO DE JANEIRO RJUNIAO UMB DOS CULTOS AFRO BRAS    28021810 000067
10231987175000168817800093673    00008232                     000082320000000000000109                     I018232      28021800000000035003410000017N291217050900000000000102802180000000000000000000000000000000000000000100003546040740MONICA DA SILVA OLIVEIRA                RUA CORREIA DIAS, 1029                  VIGARIO GERA21241310RIO DE JANEIRO RJUNIAO UMB DOS CULTOS AFRO BRAS    28021810 000068
10231987175000168817800093673    00008231                     000082310000000000000109                     I018231      28021800000000035003410000017N291217050900000000000102802180000000000000000000000000000000000000000100006715164851MARISA DA SILVA                         RUA DOZE, 19                            MARACAIBO - 12120000TREMEMBE       SPUNIAO UMB DOS CULTOS AFRO BRAS    28021810 000069
10231987175000168817800093673    00008230                     000082300000000000000109                     I018230      28021800000000035003410000017N291217050900000000000102802180000000000000000000000000000000000000000100002865366766LUCIA DA SILVA CESAR                    RUA NOVE DE JUNHO, LOTE 17 QUADRA 15    JARDIM CABUC26335000RIO DE JANEIRO RJUNIAO UMB DOS CULTOS AFRO BRAS    28021810 000070
10231987175000168817800093673    00008228                     000082280000000000000109                     I018228      28021800000000035003410000017N291217050900000000000102802180000000000000000000000000000000000000000100002411217790WANDERLEI DA CONCEICAO LUIZ             RUA PEREIRA DA NOBREGA, 297 CASA 3      MARECHAL HER21610460RIO DE JANEIRO RJUNIAO UMB DOS CULTOS AFRO BRAS    28021810 000071
10231987175000168817800093673    00008227                     000082270000000000000109                     I018227      28021800000000035003410000017N291217050900000000000102802180000000000000000000000000000000000000000100008679284769ANA PAULA DA SILVA BRAGA                RUA ELVIRA DA FONSECA, 149 CASA 1 FUNDOSTANQUE - JAC22733150RIO DE JANEIRO RJUNIAO UMB DOS CULTOS AFRO BRAS    28021810 000072
10231987175000168817800093673    00008226                     000082260000000000000109                     I018226      28021800000000035003410000017N291217050900000000000102802180000000000000000000000000000000000000000100000939178729ANA LUCIA LIMA DA SILVA                 RUA ESTADOS UNIDOS LT 20 E 21 QD 276    JD PARQUE ES26064300RIO DE JANEIRO RJUNIAO UMB DOS CULTOS AFRO BRAS    28021810 000073
10231987175000168817800093673    00008225                     000082250000000000000109                     I018225      28021800000000035003410000017N291217050900000000000102802180000000000000000000000000000000000000000100061172413720ELVIRA CRISTINA DE OLIVEIRA             RUA JOSE DOS REIS, 2265 BLOCO 3 APTO 103INHAUMA - RJ20760245RIO DE JANEIRO RJUNIAO UMB DOS CULTOS AFRO BRAS    28021810 000074
10231987175000168817800093673    00008224                     000082240000000000000109                     I018224      28021800000000035003410000017N291217050900000000000102802180000000000000000000000000000000000000000100069963979704MARIA CECILIA MOREIRA FIGUEIRE          RUA DO JOGO DA BOLA, 74                 SAUDE - RIO 20081170RIO DE JANEIRO RJUNIAO UMB DOS CULTOS AFRO BRAS    28021810 000075
10231987175000168817800093673    00008223                     000082230000000000000109                     I018223      28021800000000035003410000017N291217050900000000000102802180000000000000000000000000000000000000000100014662958725LUAN HENRIQUE MONTEIRO                  ESTRADA DO PARAISO N 209                CASTELANEA -25635412PETROPOLIS     RJUNIAO UMB DOS CULTOS AFRO BRAS    28021810 000076
10231987175000168817800093673    00008222                     000082220000000000000109                     I018222      28021800000000035003410000017N291217050900000000000102802180000000000000000000000000000000000000000100000934452709ROGERIO DOS SANTOS MAGALHAES            RUA KLEBER SANTOS DE CARVALHO,  QUADRA 2JARDIM IRES 25576261SAO JOAO DE MERRJUNIAO UMB DOS CULTOS AFRO BRAS    28021810 000077
10231987175000168817800093673    00008221                     000082210000000000000109                     I018221      28021800000000035003410000017N291217050900000000000102802180000000000000000000000000000000000000000100036547107787JOAO CARLOS SALERNO                     RUA CAETANO SALERMO, 54 A               ALTO DA SERR25635020PETROPOLIS     RJUNIAO UMB DOS CULTOS AFRO BRAS    28021810 000078
10231987175000168817800093673    00008220                     000082200000000000000109                     I018220      28021800000000035003410000017N291217050900000000000102802180000000000000000000000000000000000000000100071823131700EDNAH PEREIRA DOS SANTOS                TRAVESSA MONTE SERRAT 11                FONSECA - NI24130310NITEROI        RJUNIAO UMB DOS CULTOS AFRO BRAS    28021810 000079
10231987175000168817800093673    00008219                     000082190000000000000109                     I018219      28021800000000035003410000017N291217050900000000000102802180000000000000000000000000000000000000000100004756437710FABIANA DE SOUZA CAMPOS                 RUA SAO RAIMUNDO SN QUADRA 161 LOTE 5 - NOVA IGUACU/26298722RIO DE JANEIRO RJUNIAO UMB DOS CULTOS AFRO BRAS    28021810 000080
10231987175000168817800093673    00008218                     000082180000000000000109                     I018218      28021800000000035003410000017N291217050900000000000102802180000000000000000000000000000000000000000100098194542715MARCIA CRISTINA LEAL DA ROCHA           RUA PADRE ANCHIETA, 42                  ALTO DA SERR25635150PETROPOLIS     RJUNIAO UMB DOS CULTOS AFRO BRAS    28021810 000081
10231987175000168817800093673    00008217                     000082170000000000000109                     I018217      28021800000000035003410000017N291217050900000000000102802180000000000000000000000000000000000000000100050946510725MARIA LUIZA DOS SANTOS                  RUA J QUADRA 4 LOTE 8 FUNDOS            CAMPINHO - R21330735RIO DE JANEIRO RJUNIAO UMB DOS CULTOS AFRO BRAS    28021810 000082
10231987175000168817800093673    00008216                     000082160000000000000109                     I018216      28021800000000035003410000017N291217050900000000000102802180000000000000000000000000000000000000000100077740610704SUELI SORRILHA MARQUES                  RUA GONCALVES FERREIRA, 31 APTO 103     ROCHA MIRAND21540170RIO DE JANEIRO RJUNIAO UMB DOS CULTOS AFRO BRAS    28021810 000083
10231987175000168817800093673    00008215                     000082150000000000000109                     I018215      28021800000000035003410000017N291217050900000000000102802180000000000000000000000000000000000000000100077220145772ANGELA MARIA VIANA DOS SANTOS           RUA ANTONIO ALEXANDRE DE OLIVEIRA, 276  CENTRO - SAO25515050SAO JOAO DE MERRJUNIAO UMB DOS CULTOS AFRO BRAS    28021810 000084
10231987175000168817800093673    00008214                     000082140000000000000109                     I018214      28021800000000035003410000017N291217050900000000000102802180000000000000000000000000000000000000000100061692000730JOAQUIM PEIXOTO                         RUA W 14 LOTE 180 CASA 1                LAGOMAR - MA27970130MACAE          RJUNIAO UMB DOS CULTOS AFRO BRAS    28021810 000085
10231987175000168817800093673    00008213                     000082130000000000000109                     I018213      28021800000000035003410000017N291217050900000000000102802180000000000000000000000000000000000000000100008468031780JANAINA QUINTELLA BARROS                RUA TEIXEIRA DE FREITAS, 962            FONSECA - NI24130606NITEROI        RJUNIAO UMB DOS CULTOS AFRO BRAS    28021810 000086
10231987175000168817800093673    00008212                     000082120000000000000109                     I018212      28021800000000035003410000017N291217050900000000000102802180000000000000000000000000000000000000000100002626885738MARIA LUISA DIAS CRUZ                   RUA DIONISIO FERNANDES N 297 BLOCO 2 APTENGENHO DE D20730400RIO DE JANEIRO RJUNIAO UMB DOS CULTOS AFRO BRAS    28021810 000087
10231987175000168817800093673    00008211                     000082110000000000000109                     I018211      28021800000000035003410000017N291217050900000000000102802180000000000000000000000000000000000000000100000581452067VERA LUCIA BATISTA DOS SANTOS           AV PRESD. JUSCELINO KUBISCHECK DE OLIVEIBELFORD ROXO26173515RIO DE JANEIRO RJUNIAO UMB DOS CULTOS AFRO BRAS    28021810 000088
10231987175000168817800093673    00008210                     000082100000000000000109                     I018210      28021800000000035003410000017N291217050900000000000102802180000000000000000000000000000000000000000100033630631720JOSE ANTONIO CERQUEIRA                  RUA MAESTRO VILA LOBOS, 1 APTO 704      TIJUCA - RIO20260220RIO DE JANEIRO RJUNIAO UMB DOS CULTOS AFRO BRAS    28021810 000089
10231987175000168817800093673    00008209                     000082090000000000000109                     I018209      28021800000000035003410000017N291217050900000000000102802180000000000000000000000000000000000000000100011297806786THIAGO PEREIRA DE BRITO                 RUA SAO JANUARIO                        269         24130386NITEROI        RJUNIAO UMB DOS CULTOS AFRO BRAS    28021810 000090
10231987175000168817800093673    00008208                     000082080000000000000109                     I018208      28021800000000035003410000017N291217050900000000000102802180000000000000000000000000000000000000000100003436203750ANDRE HENRIQUE FELICIO DE AZEV          ESTRADA: VELHA DO PIAI Nº 328 B        SEPETIBA - R23530800RIO DE JANEIRO RJUNIAO UMB DOS CULTOS AFRO BRAS    28021810 000091
10231987175000168817800093673    00008207                     000082070000000000000109                     I018207      28021800000000035003410000017N291217050900000000000102802180000000000000000000000000000000000000000100014399025778ALAN MARTINS RIBEIRO                    RUA CACEQUI, 65                         CALIFORNIA -26220150NOVA IGUACU    RJUNIAO UMB DOS CULTOS AFRO BRAS    28021810 000092
10231987175000168817800093673    00008206                     000082060000000000000109                     I018206      28021800000000035003410000017N291217050900000000000102802180000000000000000000000000000000000000000100071115498720CLEVELAND JOSE LOPES JUNIOR             AVENIDA JOAO RIBEIRO, 507 APTO 101  FUNDPILARES - RI20750094RIO DE JANEIRO RJUNIAO UMB DOS CULTOS AFRO BRAS    28021810 000093
10231987175000168817800093673    00008205                     000082050000000000000109                     I018205      28021800000000035003410000017N291217050900000000000102802180000000000000000000000000000000000000000100001647427789SELMA CRISTINA DE HOLANDA PERR          AVENIDA MANAUS, 540                     TRINDADE - S24456320SAO GONCALO    RJUNIAO UMB DOS CULTOS AFRO BRAS    28021810 000094
10231987175000168817800093673    00008204                     000082040000000000000109                     I018204      28021800000000035003410000017N291217050900000000000102802180000000000000000000000000000000000000000100011452515794DEBORAH CHRISTINA DA SILVA CAN          RUA LAZARO MONCEF , 53                  SEPETIBA - R23540190RIO DE JANEIRO RJUNIAO UMB DOS CULTOS AFRO BRAS    28021810 000095
10231987175000168817800093673    00008203                     000082030000000000000109                     I018203      28021800000000035003410000017N291217050900000000000102802180000000000000000000000000000000000000000100085867470768MARIA DE FATIMA VIANA DE OLIVE          RUA FRANCISCO PLACIDO DE JESUS, 52      CAMPOS ELYSE25235040DUQUE DE CAXIASRJUNIAO UMB DOS CULTOS AFRO BRAS    28021810 000096
10231987175000168817800093673    00008202                     000082020000000000000109                     I018202      28021800000000035003410000017N291217050900000000000102802180000000000000000000000000000000000000000100005400397727DENISE ANGELICA DOS SANTOS ROS          RUA SAO DEOGRACIAS, 97                  GUARATIBA - 23036610RIO DE JANEIRO RJUNIAO UMB DOS CULTOS AFRO BRAS    28021810 000097
10231987175000168817800093673    00008201                     000082010000000000000109                     I018201      28021800000000035003410000017N291217050900000000000102802180000000000000000000000000000000000000000100002316322743REGIANE DE LIMA SANTANA SOBRAL          RUA KATAR RECHUAN 534                   GRANDE RIO -25540040SAO JOAO DE MERRJUNIAO UMB DOS CULTOS AFRO BRAS    28021810 000098
10231987175000168817800093673    00008200                     000082000000000000000109                     I018200      28021800000000035003410000017N291217050900000000000102802180000000000000000000000000000000000000000100073885169720MACARIO RODRIGUES DA FONSECA J          RUA GILDA MARIA, 21                     PARQUE FLORA26040820NOVA IGUACU    RJUNIAO UMB DOS CULTOS AFRO BRAS    28021810 000099
10231987175000168817800093673    00008199                     000081990000000000000109                     I018199      28021800000000035003410000017N291217050900000000000102802180000000000000000000000000000000000000000100043599745749VANIA MARIA GOMES PEREIRA               RUA AJAPI, 510 CASA A 2                 COSMOS - RJ 23066420RIO DE JANEIRO RJUNIAO UMB DOS CULTOS AFRO BRAS    28021810 000100
10231987175000168817800093673    00008198                     000081980000000000000109                     I018198      28021800000000035003410000017N291217050900000000000102802180000000000000000000000000000000000000000100001961346761MARLENE DE OLIVEIRA MARCOLINO           O MESMO                                 O MESMO     25623519PETROPOLIS     RJUNIAO UMB DOS CULTOS AFRO BRAS    28021810 000101
10231987175000168817800093673    00008197                     000081970000000000000109                     I018197      28021800000000035003410000017N291217050900000000000102802180000000000000000000000000000000000000000100009545367709VERONICA BRAZ DA SILVA                  RUA SANTA RITA LOTE 17 E 18 QDA 39      PQ. SAO FRAN26355000NOVA IGUACU    RJUNIAO UMB DOS CULTOS AFRO BRAS    28021810 000102
10231987175000168817800093673    00008196                     000081960000000000000109                     I018196      28021800000000035003410000017N291217050900000000000102802180000000000000000000000000000000000000000100058835652715LUCY ALMEIDA MARTINS DA SILVA           RUA JOAO MENINO,49 FUNDOS               ITACURUCA - 23860000MANGARATIBA    RJUNIAO UMB DOS CULTOS AFRO BRAS    28021810 000103
10231987175000168817800093673    00008195                     000081950000000000000109                     I018195      28021800000000035003410000017N291217050900000000000102802180000000000000000000000000000000000000000100001876672765AGUIMAR FERREIRA PIRES                  RUA ZELIO DE MORAES, 435 PARADA 40      SAO GONCALO 24435080SAO GONCALO    RJUNIAO UMB DOS CULTOS AFRO BRAS    28021810 000104
10231987175000168817800093673    00008194                     000081940000000000000109                     I018194      28021800000000035003410000017N291217050900000000000102802180000000000000000000000000000000000000000100002387294785ANDREA CONDOR GUIMARAES PINHEI          RUA SEBASTIAO DE SOUZA GOUVEA 41        IRAJA  RJ   21235410RIO DE JANEIRO RJUNIAO UMB DOS CULTOS AFRO BRAS    28021810 000105
10231987175000168817800093673    00008193                     000081930000000000000109                     I018193      28021800000000035003410000017N291217050900000000000102802180000000000000000000000000000000000000000100002381411798MARIA RISONETE DE OLIVEIRA SOA          ESTRADA DA COIVARA, 224                 VILA MARIA H25251090DUQUE DE CAXIASRJUNIAO UMB DOS CULTOS AFRO BRAS    28021810 000106
10231987175000168817800093673    00008192                     000081920000000000000109                     I018192      28021800000000035003410000017N291217050900000000000102802180000000000000000000000000000000000000000100090789407787ANA CLAUDIA DOS SANTOS TITO             RUA ONZE LOTE 17 QUADRA 48              PIABETA  MAG23025210RIO DE JANEIRO RJUNIAO UMB DOS CULTOS AFRO BRAS    28021810 000107
10231987175000168817800093673    00008191                     000081910000000000000109                     I018191      28021800000000035003410000017N291217050900000000000102802180000000000000000000000000000000000000000100036213373772DULCINEIA RODRIGUES FEITAL              RUA CARNAUBAIS, 15                      SENADOR VASC23012380RIO DE JANEIRO RJUNIAO UMB DOS CULTOS AFRO BRAS    28021810 000108
10231987175000168817800093673    00008190                     000081900000000000000109                     I018190      28021800000000035003410000017N291217050900000000000102802180000000000000000000000000000000000000000100068863292787MARIA JOSE DA SILVA                     RUA LAVOISIER LOTE 7 QUADRA 121         PARQUE PAULI25261390DUQUE DE CAXIASRJUNIAO UMB DOS CULTOS AFRO BRAS    28021810 000109
10231987175000168817800093673    00008189                     000081890000000000000109                     I018189      28021800000000035003410000017N291217050900000000000102802180000000000000000000000000000000000000000100003421604789MARILEA GUIMARAES CASEMIRO BAR          RUA JAGUARI, 136                        MONTE LIBANO26010450RIO DE JANEIRO RJUNIAO UMB DOS CULTOS AFRO BRAS    28021810 000110
10231987175000168817800093673    00008188                     000081880000000000000109                     I018188      28021800000000035003410000017N291217050900000000000102802180000000000000000000000000000000000000000100000596984707MARGARETH WAMBURG DE SIQUEIRA           RUA SAO FRANCISCO XAVIER, 953           TEL 97262.9720550011RIO DE JANEIRO RJUNIAO UMB DOS CULTOS AFRO BRAS    28021810 000111
10231987175000168817800093673    00008187                     000081870000000000000109                     I018187      28021800000000035003410000017N291217050900000000000102802180000000000000000000000000000000000000000100049007050710AMAURI PAULO RAMOS                      RUA SOMBREIROS, 361                     SANTA RITA -26050830NOVA IGUACU    RJUNIAO UMB DOS CULTOS AFRO BRAS    28021810 000112
10231987175000168817800093673    00008186                     000081860000000000000109                     I018186      28021800000000035003410000017N291217050900000000000102802180000000000000000000000000000000000000000100057252700763WALDENILDA BORGES RAMOS ALVES           RUA NILO CAIRO, 11 CASA 2               PARAISO - SA24431590SAO GONCALO    RJUNIAO UMB DOS CULTOS AFRO BRAS    28021810 000113
10231987175000168817800093673    00008185                     000081850000000000000109                     I018185      28021800000000035003410000017N291217050900000000000102802180000000000000000000000000000000000000000100034194924720DELSON ANDRE DO NASCIMENTO              RUA TRES, 152                           CORUMBA - NO26033530NOVA IGUACU    RJUNIAO UMB DOS CULTOS AFRO BRAS    28021810 000114
10231987175000168817800093673    00008183                     000081830000000000000109                     I018183      28021800000000035003410000017N291217050900000000000102802180000000000000000000000000000000000000000100007507770796MARIA DO CARMO MENDONCA MATTOS          RUA NAMUR, 325 CASA 3                   VL VALQUEIRE21330600RIO DE JANEIRO RJUNIAO UMB DOS CULTOS AFRO BRAS    28021810 000115
10231987175000168817800093673    00008182                     000081820000000000000109                     I018182      28021800000000035003410000017N291217050900000000000102802180000000000000000000000000000000000000000100086357522791ANDRE VEIGA PEIXOTO                     ALAMEDA SAO BENTO, 43                   PARQUE SAO V26172130BELFORD ROXO   RJUNIAO UMB DOS CULTOS AFRO BRAS    28021810 000116
10231987175000168817800093673    00008181                     000081810000000000000109                     I018181      28021800000000035003410000017N291217050900000000000102802180000000000000000000000000000000000000000100001416091769SUELY CORREA MACEDO SILVA               RUA CARVALHO DE SOUSA, 137 BLOCO 4 COB 7SAO JOAO DE 21350180RIO DE JANEIRO RJUNIAO UMB DOS CULTOS AFRO BRAS    28021810 000117
10231987175000168817800093673    00008180                     000081800000000000000109                     I018180      28021800000000035003410000017N291217050900000000000102802180000000000000000000000000000000000000000100024391537368RENATO SILVA HOTTZ                      RUA GENERAL PEREIRA DA SILVA, 302       ICARAI - NIT24220031NITEROI        RJUNIAO UMB DOS CULTOS AFRO BRAS    28021810 000118
10231987175000168817800093673    00008179                     000081790000000000000109                     I018179      28021800000000035003410000017N291217050900000000000102802180000000000000000000000000000000000000000100001057692743ANDRE LUIZ PEDROZA VARELLA              RUA DOIS DE FEVEREIRO, 576 CASA 6 APTO 2ENCANTADO - 20730452RIO DE JANEIRO RJUNIAO UMB DOS CULTOS AFRO BRAS    28021810 000119
10231987175000168817800093673    00008178                     000081780000000000000109                     I018178      28021800000000035003410000017N291217050900000000000102802180000000000000000000000000000000000000000100000230182755RITA DE CASSIA RESENDE BASTOS           RUA CAMBUI, 118                         FREGUESIA - 21911130RIO DE JANEIRO RJUNIAO UMB DOS CULTOS AFRO BRAS    28021810 000120
10231987175000168817800093673    00008177                     000081770000000000000109                     I018177      28021800000000035003410000017N291217050900000000000102802180000000000000000000000000000000000000000100012907979787CINARA CUNHA                            RUA OURO PRETO, 222                     QUINTINO BOC21380380RIO DE JANEIRO RJUNIAO UMB DOS CULTOS AFRO BRAS    28021810 000121
10231987175000168817800093673    00008176                     000081760000000000000109                     I018176      28021800000000035003410000017N291217050900000000000102802180000000000000000000000000000000000000000100001015649700JORGE LUIZ PEIXOTO DO NASCIMEN          RUA JOAO BATISTA, 161                   NEVES - SAO 24425060SAO GONCALO    RJUNIAO UMB DOS CULTOS AFRO BRAS    28021810 000122
10231987175000168817800093673    00008175                     000081750000000000000109                     I018175      28021800000000035003410000017N291217050900000000000102802180000000000000000000000000000000000000000100002601405708ALEX VANDER VARGAS                      RUA QUEMARU, 84                         ROCHA MIRAND21540510RIO DE JANEIRO RJUNIAO UMB DOS CULTOS AFRO BRAS    28021810 000123
10231987175000168817800093673    00008173                     000081730000000000000109                     I018173      28021800000000035003410000017N291217050900000000000102802180000000000000000000000000000000000000000100085906859772JULIO CESAR DA SILVA                    RUA PROFESSOR MARIO BRANT, 573          REALENGO - R21760420RIO DE JANEIRO RJUNIAO UMB DOS CULTOS AFRO BRAS    28021810 000124
10231987175000168817800093673    00008172                     000081720000000000000109                     I018172      28021800000000035003410000017N291217050900000000000102802180000000000000000000000000000000000000000100042909422804RAMALHO BORBA SILVA                     RUA HENRI DUMONT, 841                   CAMPO GRANDE23052350RIO DE JANEIRO RJUNIAO UMB DOS CULTOS AFRO BRAS    28021810 000125
10231987175000168817800093673    00008171                     000081710000000000000109                     I018171      28021800000000035003410000017N291217050900000000000102802180000000000000000000000000000000000000000100061487856768ROSELI ROCHA DA SILVA FERREIRA          RUA DOUTOR MESQUITA, 442                NOSSA SRA DE27113010BARRA DO PIRAI RJUNIAO UMB DOS CULTOS AFRO BRAS    28021810 000126
10231987175000168817800093673    00008170                     000081700000000000000109                     I018170      28021800000000035003410000017N291217050900000000000102802180000000000000000000000000000000000000000100070818169753ZILAH MELO DIAS DA SILVA                RUA ALMIRANTE FIGUEIREDO, 19            FREGUESIA - 21911150RIO DE JANEIRO RJUNIAO UMB DOS CULTOS AFRO BRAS    28021810 000127
10231987175000168817800093673    00008169                     000081690000000000000109                     I018169      28021800000000035003410000017N291217050900000000000102802180000000000000000000000000000000000000000100004766843746ALESSANDRO MEDEIROS BRITO               RUA MARUPIARA, 198                      ROCHA MIRAND21510210RIO DE JANEIRO RJUNIAO UMB DOS CULTOS AFRO BRAS    28021810 000128
10231987175000168817800093673    00008168                     000081680000000000000109                     I018168      28021800000000035003410000017N291217050900000000000102802180000000000000000000000000000000000000000100002543752781MARIA DO SOCORRO MAMEDES DA SI          AVENIDA SANTA CRUZ, LOTE 2 QUADRA 82 APTSARACURUNA -25211220DUQUE DE CAXIASRJUNIAO UMB DOS CULTOS AFRO BRAS    28021810 000129
10231987175000168817800093673    00008167                     000081670000000000000109                     I018167      28021800000000035003410000017N291217050900000000000102802180000000000000000000000000000000000000000100078348048715CRISTIANE MARIA CARROZINO GAUD          ESTRADA DO DENDE, 1148 APTO 102         MONERO - ILH21920001RIO DE JANEIRO RJUNIAO UMB DOS CULTOS AFRO BRAS    28021810 000130
10231987175000168817800093673    00008165                     000081650000000000000109                     I018165      28021800000000035003410000017N291217050900000000000102802180000000000000000000000000000000000000000100002203155798CARLOS EDUARDO MOREIRA BENTO            RUA WENCESLAU BRAS, SN LOTE 24 QUADRA 27IMBARIE - DU25275160DUQUE DE CAXIASRJUNIAO UMB DOS CULTOS AFRO BRAS    28021810 000131
10231987175000168817800093673    00008164                     000081640000000000000109                     I018164      28021800000000035003410000017N291217050900000000000102802180000000000000000000000000000000000000000100005183653798CLAUDIA DE OLIVEIRA ROCHA SABI          RUA ISAAC ZAIDMANN, 228 VILA F          COSTA BARROS21526090RIO DE JANEIRO RJUNIAO UMB DOS CULTOS AFRO BRAS    28021810 000132
10231987175000168817800093673    00008163                     000081630000000000000109                     I018163      28021800000000035003410000017N291217050900000000000102802180000000000000000000000000000000000000000100000692299700JORGE LUIZ LIMA BASTOS                  RUA PLANALTINA, 71                      REALENGO - R21760160RIO DE JANEIRO RJUNIAO UMB DOS CULTOS AFRO BRAS    28021810 000133
10231987175000168817800093673    00008161                     000081610000000000000109                     I018161      28021800000000035003410000017N291217050900000000000102802180000000000000000000000000000000000000000100002771098768FRANCISCO AREAS                         RUA CARMINDA, 969                       COELHO DA RO25550135SAO JOAO DE MERRJUNIAO UMB DOS CULTOS AFRO BRAS    28021810 000134
10231987175000168817800093673    00008160                     000081600000000000000109                     I018160      28021800000000035003410000017N291217050900000000000102802180000000000000000000000000000000000000000100059334258772LUIZ ROBERTO REGO GAMA                  RUA MIGUEL POMBEIRO, 112                REALENGO - R21735280RIO DE JANEIRO RJUNIAO UMB DOS CULTOS AFRO BRAS    28021810 000135
10231987175000168817800093673    00008159                     000081590000000000000109                     I018159      28021800000000035003410000017N291217050900000000000102802180000000000000000000000000000000000000000100007526128751SORAYA ROBERTA PINHEIRO DE ALM          ALAMEDA TENENTE ANTONIO JOAO, CASA 17   URCA - RIO D22291150RIO DE JANEIRO RJUNIAO UMB DOS CULTOS AFRO BRAS    28021810 000136
10231987175000168817800093673    00008158                     000081580000000000000109                     I018158      28021800000000035003410000017N291217050900000000000102802180000000000000000000000000000000000000000100002539387756GERSON TELLES GUIMARAES                 RUA DOUTOR AFONSO PENA, LOTE 20 QUADRA 2IMBARIE - DU25275430DUQUE DE CAXIASRJUNIAO UMB DOS CULTOS AFRO BRAS    28021810 000137
10231987175000168817800093673    00008157                     000081570000000000000109                     I018157      28021800000000035003410000017N291217050900000000000102802180000000000000000000000000000000000000000100000451962737JORGE CRISPIM DANTAS DE ARAUJO          RUA ORLANDO DE AQUINO, 115              PARQUE ANCHI21635370RIO DE JANEIRO RJUNIAO UMB DOS CULTOS AFRO BRAS    28021810 000138
10231987175000168817800093673    00008156                     000081560000000000000109                     I018156      28021800000000035003410000017N291217050900000000000102802180000000000000000000000000000000000000000100060921051723GEIZA RODRIGUES GANDRA                  RUA MARTINS JUNIOR, 16                  VAL VERDE - 26335320NOVA IGUACU    RJUNIAO UMB DOS CULTOS AFRO BRAS    28021810 000139
10231987175000168817800093673    00008154                     000081540000000000000109                     I018154      28021800000000035003410000017N291217050900000000000102802180000000000000000000000000000000000000000100039182010749HUGO EDSON RODRIGUES DOS SANTO          RUA QUINTILIANO DA FONSECA, 406         COLUBANDE - 24451250SAO GONCALO    RJUNIAO UMB DOS CULTOS AFRO BRAS    28021810 000140
10231987175000168817800093673    00008153                     000081530000000000000109                     I018153      28021800000000035003410000017N291217050900000000000102802180000000000000000000000000000000000000000100005736163705SONIA MARQUES DE OLIVEIRA               RUA AMERICO ALVES DA COSTA, LOTE 28 QUADPIRATININGA 24350350NITEROI        RJUNIAO UMB DOS CULTOS AFRO BRAS    28021810 000141
10231987175000168817800093673    00008152                     000081520000000000000109                     I018152      28021800000000035003410000017N291217050900000000000102802180000000000000000000000000000000000000000100003533022790ELAINE LIMA FERREIRA DA COSTA           RUA HEBER DE BOSCOLI, 71                VILA ISABEL 20551110RIO DE JANEIRO RJUNIAO UMB DOS CULTOS AFRO BRAS    28021810 000142
10231987175000168817800093673    00008151                     000081510000000000000109                     I018151      28021800000000035003410000017N291217050900000000000102802180000000000000000000000000000000000000000100050262319772NELCY MARIA DE MATTOS                   RUA FILADELFIA, LOTE 15 QUADRA 1        MONJOLO - SA24722660SAO GONCALO    RJUNIAO UMB DOS CULTOS AFRO BRAS    28021810 000143
10231987175000168817800093673    00008150                     000081500000000000000109                     I018150      28021800000000035003410000017N291217050900000000000102802180000000000000000000000000000000000000000100099029359749ANDRE LUIZ REIS GRACIO                  RUA PIRAMBOIA N 130                     SENADOR VASC23012300RIO DE JANEIRO RJUNIAO UMB DOS CULTOS AFRO BRAS    28021810 000144
10231987175000168817800093673    00008149                     000081490000000000000109                     I018149      28021800000000035003410000017N291217050900000000000102802180000000000000000000000000000000000000000100085258610730CRISTINA ROSA DE JESUS BASILIO          RUA NILZA GURGEL, 615 CASA 3            VILA EMIL - 26580310MESQUITA       RJUNIAO UMB DOS CULTOS AFRO BRAS    28021810 000145
10231987175000168817800093673    00008147                     000081470000000000000109                     I018147      28021800000000035003410000017N291217050900000000000102802180000000000000000000000000000000000000000100040229637787JOSE PAULO SERPA DE MORAES              RUA CANALIZADA, LOTE 4 QUADRA 203 KM 39 CAMPO LINDO 23845410RIO DE JANEIRO RJUNIAO UMB DOS CULTOS AFRO BRAS    28021810 000146
10231987175000168817800093673    00008146                     000081460000000000000109                     I018146      28021800000000035003410000017N291217050900000000000102802180000000000000000000000000000000000000000100086945971791GELSON RAMOS DE CARVALHO                RUA BARAUNA, 249                        ANCHIETA - R21645050RIO DE JANEIRO RJUNIAO UMB DOS CULTOS AFRO BRAS    28021810 000147
10231987175000168817800093673    00008145                     000081450000000000000109                     I018145      28021800000000035003410000017N291217050900000000000102802180000000000000000000000000000000000000000100010373820720ELTON LUIZ DAS NEVES CATARINO           RUA TURMALINA,  LOTE 33 QUADRA 48 - ANTIJD CATARINA 24715670SAO GONCALO    RJUNIAO UMB DOS CULTOS AFRO BRAS    28021810 000148
10231987175000168817800093673    00008144                     000081440000000000000109                     I028144      28021800000000035003410000017N291217050900000000000102802180000000000000000000000000000000000000000100047171322704EUCEA GONCALVES BRANDAO                 RUA PEREIRA DE FIGUEIREDO, 280          OSWALDO CRUZ21341030RIO DE JANEIRO RJUNIAO UMB DOS CULTOS AFRO BRAS    28021810 000149
10231987175000168817800093673    00008143                     000081430000000000000109                     I018143      28021800000000035003410000017N291217050900000000000102802180000000000000000000000000000000000000000100001609402731LUCIANO RANGEL                          ESTRADA DOUTOR FARRULA, 52              HELIOPOLIS -26125400BELFORD ROXO   RJUNIAO UMB DOS CULTOS AFRO BRAS    28021810 000150
10231987175000168817800093673    00008142                     000081420000000000000109                     I018142      28021800000000035003410000017N291217050900000000000102802180000000000000000000000000000000000000000100001206849770EUGENIO ALBERTO DA SILVA LOPES          RUA COMENDADOR BASTOS, 526 BANANAL      FREGUESIA  -21911220RIO DE JANEIRO RJUNIAO UMB DOS CULTOS AFRO BRAS    28021810 000151
10231987175000168817800093673    00008141                     000081410000000000000109                     I018141      28021800000000035003410000017N291217050900000000000102802180000000000000000000000000000000000000000100053365836772CRISTINA MARIA DE SANT ANNA SI          RUA GUSTAVO SAMPAIO, 172 APTO 201       LEME - RIO D22010010RIO DE JANEIRO RJUNIAO UMB DOS CULTOS AFRO BRAS    28021810 000152
10231987175000168817800093673    00008140                     000081400000000000000109                     I018140      28021800000000035003410000017N291217050900000000000102802180000000000000000000000000000000000000000100062821598734CLAUDEMIR APARECIDO FREITAS SI          TRAVESSA PIACAVA, 156                   BANCO DE ARE26570210MESQUITA       RJUNIAO UMB DOS CULTOS AFRO BRAS    28021810 000153
10231987175000168817800093673    00008139                     000081390000000000000109                     I018139      28021800000000035003410000017N291217050900000000000102802180000000000000000000000000000000000000000100096161736772EDILEA APARECIDA MATTOS                 RUA GERALDO MARTINS, 75 APTO 1504       ICARAI - NIT24220380NITEROI        RJUNIAO UMB DOS CULTOS AFRO BRAS    28021810 000154
10231987175000168817800093673    00008138                     000081380000000000000109                     I018138      28021800000000035003410000017N291217050900000000000102802180000000000000000000000000000000000000000100008676289794ROSANGELA MONTES BARBOSA DA SI          RUA MENDEL CARDOSO DE MATOS, 7          CONJ. BOA ES26297009NOVA IGUACU    RJUNIAO UMB DOS CULTOS AFRO BRAS    28021810 000155
10231987175000168817800093673    00008137                     000081370000000000000109                     I018137      28021800000000035003410000017N291217050900000000000102802180000000000000000000000000000000000000000100090823516768ALEXANDRE LUIZ DE OLIVEIRA NET          RUA JOSE SOMBRA  539                    IRAJA  RIO D21230240RIO DE JANEIRO RJUNIAO UMB DOS CULTOS AFRO BRAS    28021810 000156
10231987175000168817800093673    00008136                     000081360000000000000109                     I018136      28021800000000035003410000017N291217050900000000000102802180000000000000000000000000000000000000000100002379534713ALEX EVANDRO CORREIA PETITINGA          RUA CARDOSO QUINTAO, 40                 PIEDADE - RJ21381460RIO DE JANEIRO RJUNIAO UMB DOS CULTOS AFRO BRAS    28021810 000157
10231987175000168817800093673    00008135                     000081350000000000000109                     I018135      28021800000000035003410000017N291217050900000000000102802180000000000000000000000000000000000000000100085778351704MARIA NILZA DA SILVA                    RUA OTAVIO TARQUINO DE SOUZA, 158 E 160 TANQUE - RIO22733140RIO DE JANEIRO RJUNIAO UMB DOS CULTOS AFRO BRAS    28021810 000158
10231987175000168817800093673    00008134                     000081340000000000000109                     I018134      28021800000000035003410000017N291217050900000000000102802180000000000000000000000000000000000000000100007332496712ELENICE ROSA DA SILVA                   RUA BERNARDINO DE MELO, 4705 - BAIRRO DAVILA CAVA - 26052060NOVA IGUACU    RJUNIAO UMB DOS CULTOS AFRO BRAS    28021810 000159
10231987175000168817800093673    00008133                     000081330000000000000109                     I018133      28021800000000035003410000017N291217050900000000000102802180000000000000000000000000000000000000000100005365022777PAULA DOS REIS MOITA                    RUA IGUABA GRANDE N 78 BLOCO 6 APT 1206 PAVUNA - RIO21655340RIO DE JANEIRO RJUNIAO UMB DOS CULTOS AFRO BRAS    28021810 000160
10231987175000168817800093673    00008132                     000081320000000000000109                     I018132      28021800000000035003410000017N291217050900000000000102802180000000000000000000000000000000000000000100009237411782RODRIGO NOGUEIRA MARTINS                RUA DOUTOR AUGUSTO FIGUEIREDO, 298      BANGU - RJ  21840600RIO DE JANEIRO RJUNIAO UMB DOS CULTOS AFRO BRAS    28021810 000161
10231987175000168817800093673    00008131                     000081310000000000000109                     I018131      28021800000000035003410000017N291217050900000000000102802180000000000000000000000000000000000000000100007965913771ANDREA CARLA FREITAS E SILVA            RUA SAO MARCOS, 23 QUADRA 25            KM 32 - NOVA26298548NOVA IGUACU    RJUNIAO UMB DOS CULTOS AFRO BRAS    28021810 000162
10231987175000168817800093673    00008130                     000081300000000000000109                     I018130      28021800000000035003410000017N291217050900000000000102802180000000000000000000000000000000000000000100004746270716ANTONIO CARLOS FERNANDES                RUA FRANCISCO DE CASTRO, 9 CASA 1       SANTA TERESA20241300RIO DE JANEIRO RJUNIAO UMB DOS CULTOS AFRO BRAS    28021810 000163
10231987175000168817800093673    00008128                     000081280000000000000109                     I028128      28021800000000035003410000017N291217050900000000000102802180000000000000000000000000000000000000000100005634227771BRUNO MACHADO TETE                      RUA SANATORIO, 173                      MADUREIRA   21350191RIO DE JANEIRO RJUNIAO UMB DOS CULTOS AFRO BRAS    28021810 000164
10231987175000168817800093673    00008126                     000081260000000000000109                     I018126      28021800000000035003410000017N291217050900000000000102802180000000000000000000000000000000000000000100009070035758LILIAN DUARTE COSTA                     RUA DELFIM MOREIRA, 2397                VALE PARAISO25976016TERESOPOLIS    RJUNIAO UMB DOS CULTOS AFRO BRAS    28021810 000165
10231987175000168817800093673    00008125                     000081250000000000000109                     I018125      28021800000000035003410000017N291217050900000000000102802180000000000000000000000000000000000000000100001071031767NEIDE MARIA VIANA SOUZA                 RUA VINTE E UM, LOTE 7 QUADRA 42        SAO CAMPELO 23830000RIO DE JANEIRO RJUNIAO UMB DOS CULTOS AFRO BRAS    28021810 000166
10231987175000168817800093673    00008124                     000081240000000000000109                     I018124      28021800000000035003410000017N291217050900000000000102802180000000000000000000000000000000000000000100001220001708ANDRE AMERICO DA SILVA                  RUA LARGO DO BOIADEIRO DA ROCINHA, 11   ROCINHA - RI22451340RIO DE JANEIRO RJUNIAO UMB DOS CULTOS AFRO BRAS    28021810 000167
10231987175000168817800093673    00008123                     000081230000000000000109                     I018123      28021800000000035003410000017N291217050900000000000102802180000000000000000000000000000000000000000100059555815704PAULO FERNANDES                         RUA MONTE CARMELO 351                   BENTO RIBERI21555120RIO DE JANEIRO RJUNIAO UMB DOS CULTOS AFRO BRAS    28021810 000168
10231987175000168817800093673    00008122                     000081220000000000000109                     I018122      28021800000000035003410000017N291217050900000000000102802180000000000000000000000000000000000000000100060296836168ALEXANDRE MONTEIRO DA ROSA              MONTE CASTELO Nº 143 - CORONEL VEIGA   ILHA        25655500PETROPOLIS     RJUNIAO UMB DOS CULTOS AFRO BRAS    28021810 000169
10231987175000168817800093673    00008121                     000081210000000000000109                     I018121      28021800000000035003410000017N291217050900000000000102802180000000000000000000000000000000000000000100009527172713FABIANA DA SILVA FERNANDES              RUA ITAPACI, 56 CASA A                  COSMOS - RJ 23060440RIO DE JANEIRO RJUNIAO UMB DOS CULTOS AFRO BRAS    28021810 000170
10231987175000168817800093673    00008119                     000081190000000000000109                     I018119      28021800000000035003410000017N291217050900000000000102802180000000000000000000000000000000000000000100001680132741SANDRA NOGUEIRA DE BRITO                RUA BARATA RIBEIRO 726 APT 602          COPACABANA -22051000RIO DE JANEIRO RJUNIAO UMB DOS CULTOS AFRO BRAS    28021810 000171
10231987175000168817800093673    00008118                     000081180000000000000109                     I018118      28021800000000035003410000017N291217050900000000000102802180000000000000000000000000000000000000000100070614628768CREUZA GOMES DA ROCHA                   RUA ITAPERA, 286 BLOCO 31 APTO 102      VISTA ALEGRE21230500RIO DE JANEIRO RJUNIAO UMB DOS CULTOS AFRO BRAS    28021810 000172
10231987175000168817800093673    00008116                     000081160000000000000109                     I018116      28021800000000035003410000017N291217050900000000000102802180000000000000000000000000000000000000000100083697799720ANGELA MARIA FERRAZ FARIAS              RUA LUIS BELTRAO, 1171                  VILA VALQUEI21321230RIO DE JANEIRO RJUNIAO UMB DOS CULTOS AFRO BRAS    28021810 000173
10231987175000168817800093673    00008114                     000081140000000000000109                     I018114      28021800000000035003410000017N291217050900000000000102802180000000000000000000000000000000000000000100033712417772IRANIR RIBEIRO DE CASTRO                RUA DO RIACHUELO, 333 COBERTURA 6       CENTRO - RIO20230011RIO DE JANEIRO RJUNIAO UMB DOS CULTOS AFRO BRAS    28021810 000174
10231987175000168817800093673    00008112                     000081120000000000000109                     I018112      28021800000000035003410000017N291217050900000000000102802180000000000000000000000000000000000000000100059395656700NADIA MARIZA CORREA TRINDADE            RUA JORGE SILVA, 25                     PARQUE SAO J23890000RIO DE JANEIRO RJUNIAO UMB DOS CULTOS AFRO BRAS    28021810 000175
10231987175000168817800093673    00008111                     000081110000000000000109                     I018111      28021800000000035003410000017N291217050900000000000102802180000000000000000000000000000000000000000100005721435755ALEX ARAUJO BRAGA                       RUA MARTE, 685 CASA 2                   MESQUITA - N26240290NOVA IGUACU    RJUNIAO UMB DOS CULTOS AFRO BRAS    28021810 000176
10231987175000168817800093673    00008110                     000081100000000000000109                     I018110      28021800000000035003410000017N291217050900000000000102802180000000000000000000000000000000000000000100021207275700GEORGETE MARIA SILVA DE JESUS           RUA BECO DO MIJANCAH, 30                PRAIA DA BRI23028696PEDRA DE GUARATRJUNIAO UMB DOS CULTOS AFRO BRAS    28021810 000177
10231987175000168817800093673    00008109                     000081090000000000000109                     I018109      28021800000000035003410000017N291217050900000000000102802180000000000000000000000000000000000000000100093719744787SERGIO PEREIRA FRAGA                    RUA JURUBAIBA, 163 FUNDOS               HONORIO GURG21555170RIO DE JANEIRO RJUNIAO UMB DOS CULTOS AFRO BRAS    28021810 000178
10231987175000168817800093673    00008108                     000081080000000000000109                     I018108      28021800000000035003410000017N291217050900000000000102802180000000000000000000000000000000000000000100012470639840RICARDO DE OLIVEIRA                     RUA FELINTO MARQUES CERQUEIRA, 270 - CAPCAPUCHINHOS 44076040FEIRA DE SANTANBAUNIAO UMB DOS CULTOS AFRO BRAS    28021810 000179
10231987175000168817800093673    00008107                     000081070000000000000109                     I018107      28021800000000035003410000017N291217050900000000000102802180000000000000000000000000000000000000000100058781887704DENORIDES DE ALMEIDA                    RUA GOIANIA, 802                        VILAR NOVO -26116590BELFORD ROXO   RJUNIAO UMB DOS CULTOS AFRO BRAS    28021810 000180
10231987175000168817800093673    00008106                     000081060000000000000109                     I018106      28021800000000035003410000017N291217050900000000000102802180000000000000000000000000000000000000000100008501649740ADILSON PEREIRA DIAS                    RUA ALBERTO MARTIRES ASTH, 260          SAO GERALDO 28630485NOVA FRIBURGO  RJUNIAO UMB DOS CULTOS AFRO BRAS    28021810 000181
10231987175000168817800093673    00008105                     000081050000000000000109                     I018105      28021800000000035003410000017N291217050900000000000102802180000000000000000000000000000000000000000100099225158734MARIA MAGALI DE OLIVEIRA SOUZA          RUA PIRACAIA, 756 FUNDOS                MARECHAL HER21555260RIO DE JANEIRO RJUNIAO UMB DOS CULTOS AFRO BRAS    28021810 000182
10231987175000168817800093673    00008103                     000081030000000000000109                     I018103      28021800000000035003410000017N291217050900000000000102802180000000000000000000000000000000000000000100091088003753CLARA RIBEIRO FERNANDES                 R:ITACURUCA,213                         MARAMBAIA- S24724410NITEROI        RJUNIAO UMB DOS CULTOS AFRO BRAS    28021810 000183
10231987175000168817800093673    00008102                     000081020000000000000109                     I018102      28021800000000035003410000017N291217050900000000000102802180000000000000000000000000000000000000000100046530843787EDITH DA SILVA SOUZA                    RUA: OLIVEIRA MELO                      CORDOVIL    21250540RIO DE JANEIRO RJUNIAO UMB DOS CULTOS AFRO BRAS    28021810 000184
10231987175000168817800093673    00008101                     000081010000000000000109                     I018101      28021800000000035003410000017N291217050900000000000102802180000000000000000000000000000000000000000100002248004770ROSANE ALVES DE AZEVEDO                 RUA W, 14 LOTE 180 CASA 1               LAGOMAR - MA27970130MACAE          RJUNIAO UMB DOS CULTOS AFRO BRAS    28021810 000185
10231987175000168817800093673    00008100                     000081000000000000000109                     I018100      28021800000000035003410000017N291217050900000000000102802180000000000000000000000000000000000000000100000238705757ANGELA DA MOTTA NUNES SILVA             RUA: RIACHO DOCE                        OSVALDO CRUZ21340340RIO DE JANEIRO RJUNIAO UMB DOS CULTOS AFRO BRAS    28021810 000186
10231987175000168817800093673    00008099                     000080990000000000000109                     I018099      28021800000000035003410000017N291217050900000000000102802180000000000000000000000000000000000000000100009295304705GEORGE ALBERTO GONZAGA DOS SAN          RUA: GUARABU                            INHAUMA     20761060RIO DE JANEIRO RJUNIAO UMB DOS CULTOS AFRO BRAS    28021810 000187
10231987175000168817800093673    00008098                     000080980000000000000109                     I018098      28021800000000035003410000017N291217050900000000000102802180000000000000000000000000000000000000000100005437133753MARIZETE ALVES DA SILVA                 RUA DELHIR Nº 100 - ANCHIETA           RIO DE JANEI21610330RIO DE JANEIRO RJUNIAO UMB DOS CULTOS AFRO BRAS    28021810 000188
10231987175000168817800093673    00008097                     000080970000000000000109                     I018097      28021800000000035003410000017N291217050900000000000102802180000000000000000000000000000000000000000100002480281701CESAR AUGUSTO DA SILVA MARCIAL          RUA, TRES QD.2 LT.22 - LOTEAMENTO MANU  MANUELLE. - 24900000MARICA         RJUNIAO UMB DOS CULTOS AFRO BRAS    28021810 000189
10231987175000168817800093673    00008096                     000080960000000000000109                     I018096      28021800000000035003410000017N291217050900000000000102802180000000000000000000000000000000000000000100008228737700JOCEMAR VIANA TORRES                    RUA LORETO DO COUTO, 281                GUADALUPE   21675520RIO DE JANEIRO RJUNIAO UMB DOS CULTOS AFRO BRAS    28021810 000190
10231987175000168817800093673    00008095                     000080950000000000000109                     I018095      28021800000000035003410000017N291217050900000000000102802180000000000000000000000000000000000000000100026376253768MARIA DE LOURDES DA SILVA FERN          RUA: ESTUDANTE PAULINO DURVAL, QUADRA 3 MAGE - RIO D25931882MAGE           RJUNIAO UMB DOS CULTOS AFRO BRAS    28021810 000191
10231987175000168817800093673    00008093                     000080930000000000000109                     I018093      28021800000000035003410000017N291217050900000000000102802180000000000000000000000000000000000000000100012201569738PAULO CELSO MACHADO JUNIOR              RUA SEIS LOTE 26 - CHACARA INOA         MARICA - RIO24900000MARICA         RJUNIAO UMB DOS CULTOS AFRO BRAS    28021810 000192
10231987175000168817800093673    00008092                     000080920000000000000109                     I018092      28021800000000035003410000017N291217050900000000000102802180000000000000000000000000000000000000000100036352624715DEYSE LUZIA DE FREITA BRITTO            RUA DOIS LOTE 13 QUADRA 15 - CHACARAS DEINOA - MARIC24900000INOA - MARICA  RJUNIAO UMB DOS CULTOS AFRO BRAS    28021810 000193
10231987175000168817800093673    00008091                     000080910000000000000109                     I018091      28021800000000035003410000017N291217050900000000000102802180000000000000000000000000000000000000000100038719444753JOAQUIM ROBERTO TRINDADE MONTE          RUA TAQUARI N 192 CASA 2                BRAS DE PINA21215540RIO DE JANEIRO RJUNIAO UMB DOS CULTOS AFRO BRAS    28021810 000194
10231987175000168817800093673    00008090                     000080900000000000000109                     I018090      28021800000000035003410000017N291217050900000000000102802180000000000000000000000000000000000000000100011193274745WELINGTON PEDRO DOS SANTOS GOM          RUA ARAUJO ROZO, 305 FUNDOS             ANCHIETA - R21635100RIO DE JANEIRO RJUNIAO UMB DOS CULTOS AFRO BRAS    28021810 000195
10231987175000168817800093673    00008089                     000080890000000000000109                     I018089      28021800000000035003410000017N291217050900000000000102802180000000000000000000000000000000000000000100005333959765CRISTIANE DA CONCEICAO PACHECO          RUA JOSE SEABRA, 6                      PILAR - DUQU25233001DUQUE DE CAXIASRJUNIAO UMB DOS CULTOS AFRO BRAS    28021810 000196
10231987175000168817800093673    00008088                     000080880000000000000109                     I018088      28021800000000035003410000017N291217050900000000000102802180000000000000000000000000000000000000000100067053424715HELENA DE FATIMA MENDES MARQUE          RUA IRANI, 182                          PENHA - RJ  21020200RIO DE JANEIRO RJUNIAO UMB DOS CULTOS AFRO BRAS    28021810 000197
10231987175000168817800093673    00008087                     000080870000000000000109                     I018087      28021800000000035003410000017N291217050900000000000102802180000000000000000000000000000000000000000100089826930768MARIA DAS DORES SILVA                   RUA JORDAO, 805 CASA 40                 TANQUE - RIO22725549RIO DE JANEIRO RJUNIAO UMB DOS CULTOS AFRO BRAS    28021810 000198
10231987175000168817800093673    00008086                     000080860000000000000109                     I018086      28021800000000035003410000017N291217050900000000000102802180000000000000000000000000000000000000000100008861162797MARCIO ARAUJO DE MELO SOUZA             RUA GERALDO LOURENCO, 70 - RIACHAO      JARDIM ROMA 26279325NOVA IGUACU    RJUNIAO UMB DOS CULTOS AFRO BRAS    28021810 000199
10231987175000168817800093673    00008085                     000080850000000000000109                     I018085      28021800000000035003410000017N291217050900000000000102802180000000000000000000000000000000000000000100050534173772IARA FRANCISCO                          RUA BARAO DE MELGACO, 279 FUNDOS        CORDOVIL - R21250320RIO DE JANEIRO RJUNIAO UMB DOS CULTOS AFRO BRAS    28021810 000200
10231987175000168817800093673    00008084                     000080840000000000000109                     I018084      28021800000000035003410000017N291217050900000000000102802180000000000000000000000000000000000000000100051192055772VALNEI VICENTE                          RUA REGINALDO, LOTE 10 E LOTE 11        CENTRO - BEL26173350BELFORD ROXO   RJUNIAO UMB DOS CULTOS AFRO BRAS    28021810 000201
10231987175000168817800093673    00008083                     000080830000000000000109                     I018083      28021800000000035003410000017N291217050900000000000102802180000000000000000000000000000000000000000100076658961700BEATRIZ DIAS DO NASCIMENTO              RUA SAO BRUNO N 55 APT 301              PENHA - RIO 21021160RIO DE JANEIRO RJUNIAO UMB DOS CULTOS AFRO BRAS    28021810 000202
10231987175000168817800093673    00008082                     000080820000000000000109                     I018082      28021800000000035003410000017N291217050900000000000102802180000000000000000000000000000000000000000100058984178772ELIZABETH RIBEIRO VALENTE FARI          RUA VASCO DA GAMA N 1409 - PARQUE ESTORIPARQUE ESTOR26063190NOVA IGUACU    RJUNIAO UMB DOS CULTOS AFRO BRAS    28021810 000203
10231987175000168817800093673    00008081                     000080810000000000000109                     I018081      28021800000000035003410000017N291217050900000000000102802180000000000000000000000000000000000000000100050775561720LEANDRO MECENAS DA CUNHA                RUA GUATOS N 34                         PARQUE SAO C26051640NOVA IGUACU    RJUNIAO UMB DOS CULTOS AFRO BRAS    28021810 000204
10231987175000168817800093673    00008080                     000080800000000000000109                     I018080      28021800000000035003410000017N291217050900000000000102802180000000000000000000000000000000000000000100045619581772EDELZUITA PESSOA DA SILVA               RUA DONA JULIETA N 55 - MIGUEL COUTO    MIGUEL COUTO26147160NOVA IGUACU    RJUNIAO UMB DOS CULTOS AFRO BRAS    28021810 000205
10231987175000168817800093673    00008079                     000080790000000000000109                     I018079      28021800000000035003410000017N291217050900000000000102802180000000000000000000000000000000000000000100092336000768DIVA PINTO ROMUALDO                     RUA PARAISO QUADRA 129 LOTE 26          JARDIM CABUC26357140NOVA IGUACU    RJUNIAO UMB DOS CULTOS AFRO BRAS    28021810 000206
10231987175000168817800093673    00008078                     000080780000000000000109                     I018078      28021800000000035003410000017N291217050900000000000102802180000000000000000000000000000000000000000100007295283757DULCE DOS SANTOS MONTEIRO               AVENIDA ESTACIO DE SA LOTE 32 QUADRA 17 PARQUE NOVO 25585000SAO JOAO DE MERRJUNIAO UMB DOS CULTOS AFRO BRAS    28021810 000207
10231987175000168817800093673    00008077                     000080770000000000000109                     I018077      28021800000000035003410000017N291217050900000000000102802180000000000000000000000000000000000000000100099272946700MARCOS ANTONIO DA SILVA                 RUA PIACAVA N 100                       VILA MARILIA26040210NOVA IGUACU    RJUNIAO UMB DOS CULTOS AFRO BRAS    28021810 000208
9                                                                                                                                                                                                                                                                                                                                                                                                         000209
