01REMESSA01COBRANCA       916200163100        União Umb dos Cultos Afro Bra341BANCO ITAU SA  040118                                                                                                                                                                                                                                                                                                      000001
10231987175000168916200163100    00008551                     000085510000000000000109                     I018551      31011800000000035003410000017N020118050900000000000103101180000000000000000000000000000000000000000100009611659792ALUIZIO RODRIGUES RIBEIRO               RUA GARCIA PIRES N° 82 CASA 3          QUINTINO - R21331300RIO DE JANEIRO RJUNIAO UMB DOS CULTOS AFRO BRAS    31011810 000002
10231987175000168916200163100    00008550                     000085500000000000000109                     I018550      31011800000000035003410000017N020118050900000000000103101180000000000000000000000000000000000000000100058924477749MARIA DAS GRACAS AZEVEDO RIBEI          RUA VICENTE LIMA                        TEL 2662.73625560240SAO JOAO DE MERRJUNIAO UMB DOS CULTOS AFRO BRAS    31011810 000003
10231987175000168916200163100    00008546                     000085460000000000000109                     I018546      31011800000000035003410000017N020118050900000000000103101180000000000000000000000000000000000000000100096290986791CENTRO ESPIRITA DAMIAO (NEIL D          RUA VICENTE CELESTINO LOTE 4 QUADRA 1   COLUMBANDE -24744740SAO GONCALO    RJUNIAO UMB DOS CULTOS AFRO BRAS    31011810 000004
10231987175000168916200163100    00008543                     000085430000000000000109                     I018543      31011800000000035003410000017N020118050900000000000103101180000000000000000000000000000000000000000100018338577715MARILDA ALVES DE ALMEIDA                RUA BORBOREMA  37                       MADUREIRA   21360150RIO DE JANEIRO RJUNIAO UMB DOS CULTOS AFRO BRAS    31011810 000005
10231987175000168916200163100    00008431                     000084310000000000000109                     I018431      31011800000000035003410000017N020118050900000000000103101180000000000000000000000000000000000000000100081473885787CELIA DA SILVA ALEXANDRE                AVENIDA MARECHAL FONTENELE N 4311 RUA SELOTEAMENTO V21750000RIO DE JANEIRO RJUNIAO UMB DOS CULTOS AFRO BRAS    31011810 000006
10231987175000168916200163100    00004176                     000041760000000000000109                     I014176      22121700000000350003410000017N171117050900000000000102212170000000000000000000000000000000000000000100009396919730CATIA DE SOUZA SANTIAGO                 ESTRADA SAO FRANCISCO, 766 - SURUI      SURUI - MAGE25900000MAGE           RJUNIAO UMB DOS CULTOS AFRO BRAS    22121710 000007
9                                                                                                                                                                                                                                                                                                                                                                                                         000008
