01REMESSA01COBRANCA       817800093673        União Umb dos Cultos Afro Bra341BANCO ITAU SA  020418                                                                                                                                                                                                                                                                                                      000001
10231987175000168817800093673    00001453                     000014530000000000000109                     I021453      20121700000000180003410000017N251017104700000000000102012170000000000000000000000000000000000000000100002364852706SHIRLEY RODRIGUES NUNES                 RUA DAHONEY LOTE 3 QUADRA 36 - JACAROA  MARICA / RJ 24230370NITEROI        RJUNIAO UMB DOS CULTOS AFRO BRAS    20121710 000002
10231987175000168817800093673    00001451                     000014510000000000000109                     I021451      20121700000000300003410000017N251017104700000000000102012170000000000000000000000000000000000000000100080236499734REGINALDO VIEIRA CAPTIVO                RUA: DOUTOR NUNES N° 1099 FUNDOS       OLARIA - RIO21021370RIO DE JANEIRO RJUNIAO UMB DOS CULTOS AFRO BRAS    20121710 000003
10231987175000168817800093673    00001449                     000014490000000000000109                     I021449      20121700000000150003410000017N251017104700000000000102012170000000000000000000000000000000000000000100010878187707LUIZ PAULO DA CRUZ TEIXEIRA             RUA DO CAJUEIRO, TRAVESSA SERVIDAO B CASSEPETIBA - R23530074RIO DE JANEIRO RJUNIAO UMB DOS CULTOS AFRO BRAS    20121710 000004
10231987175000168817800093673    00001446                     000014460000000000000109                     I021446      20121700000000210003410000017N251017104700000000000102012170000000000000000000000000000000000000000100000339035730RICARDO MARREIROS NETO                  ESTRADA DO MORGADO N 511                VARGEM GRAND22785550RIO DE JANEIRO RJUNIAO UMB DOS CULTOS AFRO BRAS    20121710 000005
10231987175000168817800093673    00001445                     000014450000000000000109                     I021445      20121700000000120003410000017N251017104700000000000102012170000000000000000000000000000000000000000100010648504727ALINE DA SILVA RAMOS                    RUA GENERAL LOUREIRO, 231               BOACU - SAO 24467400SAO GONCALO    RJUNIAO UMB DOS CULTOS AFRO BRAS    20121710 000006
10231987175000168817800093673    00001444                     000014440000000000000109                     I021444      20121700000000180003410000017N251017104700000000000102012170000000000000000000000000000000000000000100059941294704LUZIA LYGIA DO NASCIMENTO CAMA          RUA ONZE 112 CASA 1 QUADRA 57 - NOVA CAMSTA CRUZ DA 25250000DUQUE DE CAXIASRJUNIAO UMB DOS CULTOS AFRO BRAS    20121710 000007
10231987175000168817800093673    00001443                     000014430000000000000109                     I021443      20121700000000270003410000017N251017104700000000000102012170000000000000000000000000000000000000000200000000006562GINO ZACARIAS DE JESUS                  RUA NOVE, 2                             VILA GENI - 23830010RIO DE JANEIRO RJUNIAO UMB DOS CULTOS AFRO BRAS    20121710 000008
10231987175000168817800093673    00001442                     000014420000000000000109                     I021442      20121700000000090003410000017N251017104700000000000102012170000000000000000000000000000000000000000100091307740715SERGIO FERREIRA DA SILVA                RUA DO OURO, LOTE 21 QUADRA 3           SARAPUI - D.25050120DUQUE DE CAXIASRJUNIAO UMB DOS CULTOS AFRO BRAS    20121710 000009
10231987175000168817800093673    00001441                     000014410000000000000109                     I021441      20121700000000300003410000017N251017104700000000000102012170000000000000000000000000000000000000000100061185841768ELIZABETH CATARINA DE JESUS             RUA ALMIRANTE INGRA, 700                BRAS DE PINA21210170RIO DE JANEIRO RJUNIAO UMB DOS CULTOS AFRO BRAS    20121710 000010
10231987175000168817800093673    00001440                     000014400000000000000109                     I021440      20121700000000210003410000017N251017104700000000000102012170000000000000000000000000000000000000000200000000005907MARIA SILVIA DOS SANTOS LADEIR          RUA ACADEMICOS, CASA 173                PIRATININGA 24350400NITEROI        RJUNIAO UMB DOS CULTOS AFRO BRAS    20121710 000011
10231987175000168817800093673    00001439                     000014390000000000000109                     I021439      20121700000000240003410000017N251017104700000000000102012170000000000000000000000000000000000000000100007309710746ROSA HELENA PINTO MANUEL                RUA CINCINATO CHAVES, 120 CASA 1        VISTA ALEGRE21236010RIO DE JANEIRO RJUNIAO UMB DOS CULTOS AFRO BRAS    20121710 000012
10231987175000168817800093673    00001438                     000014380000000000000109                     I021438      20121700000000180003410000017N251017104700000000000102012170000000000000000000000000000000000000000100004253313792VIVIANE ALVES DO ROSARIO                RUA: MANHUACU Nº 692 LOTE 6A E 2A      VARGEM GRAND22790704RIO DE JANEIRO RJUNIAO UMB DOS CULTOS AFRO BRAS    20121710 000013
10231987175000168817800093673    00001437                     000014370000000000000109                     I021437      20121700000000150003410000017N251017104700000000000102012170000000000000000000000000000000000000000100054608066749MARCIA GONCALVES LENCASTRE              RUA: NOVO HORIZONTE Nº 5               SEPETIBA - R23540133RIO DE JANEIRO RJUNIAO UMB DOS CULTOS AFRO BRAS    20121710 000014
9                                                                                                                                                                                                                                                                                                                                                                                                         000015
