01REMESSA01COBRANCA       817800093673        União Umb dos Cultos Afro Bra341BANCO ITAU SA  110318                                                                                                                                                                                                                                                                                                      000001
10231987175000168817800093673    000012539                    000125390000000000000109                     I0212539     30051800000000035003410000017N200218104700000000000103005180000000000000000000000000000000000000000200000000007710ELIZABETH CRISTIN DOS S. B. DA          RUA GONDIM DA FONSECA, 36 APTO 103      PORTUGUESA -21931575RIO DE JANEIRO RJUNIAO UMB DOS CULTOS AFRO BRAS    30051810 000002
10231987175000168817800093673    000010930                    000109300000000000000109                     I0210930     30041800000000035003410000017N200218104700000000000103004180000000000000000000000000000000000000000200000000007710ELIZABETH CRISTIN DOS S. B. DA          RUA GONDIM DA FONSECA, 36 APTO 103      PORTUGUESA -21931575RIO DE JANEIRO RJUNIAO UMB DOS CULTOS AFRO BRAS    30041810 000003
10231987175000168817800093673    000010673                    000106730000000000000109                     I3410673     30031800000000035003410000017N200218104700000000000103003180000000000000000000000000000000000000000100004842101490MARIA DE LOURDES FARIAS DOS SA          RUA HELIO DE OLIVEIRA LOTE 29 QUADRA 407PARADA MORAB25000000DUQUE DE CAXIASRJUNIAO UMB DOS CULTOS AFRO BRAS    30031810 000004
10231987175000168817800093673    00009321                     000093210000000000000109                     I029321      30031800000000035003410000017N200218104700000000000103003180000000000000000000000000000000000000000200000000007710ELIZABETH CRISTIN DOS S. B. DA          RUA GONDIM DA FONSECA, 36 APTO 103      PORTUGUESA -21931575RIO DE JANEIRO RJUNIAO UMB DOS CULTOS AFRO BRAS    30031810 000005
10231987175000168817800093673    00009097                     000090970000000000000109                     I349097      10021800000000035003410000017N060218104700000000000101002180000000000000000000000000000000000000000100004842101490MARIA DE LOURDES FARIAS DOS SA          RUA HELIO DE OLIVEIRA LOTE 29 QUADRA 407PARADA MORAB25000000DUQUE DE CAXIASRJUNIAO UMB DOS CULTOS AFRO BRAS    10021810 000006
10231987175000168817800093673    00007952                     000079520000000000000109                     I027952      28021800000000035003410000017N291217104700000000000102802180000000000000000000000000000000000000000200000000007710ELIZABETH CRISTIN DOS S. B. DA          RUA GONDIM DA FONSECA, 36 APTO 103      PORTUGUESA -21931575RIO DE JANEIRO RJUNIAO UMB DOS CULTOS AFRO BRAS    28021810 000007
10231987175000168817800093673    00006824                     000068240000000000000109                     I026824      28021800000000035003410000017N271217104700000000000102802180000000000000000000000000000000000000000100008560350764EMANUELE DE FARIA CARVALHO DOS          RUA FLORESTA DO SUL, 33                 GUARATIBA - 23028512RIO DE JANEIRO RJUNIAO UMB DOS CULTOS AFRO BRAS    28021810 000008
10231987175000168817800093673    00006198                     000061980000000000000109                     I346198      28021800000000035003410000017N271217104700000000000102802180000000000000000000000000000000000000000100045471240782MARIA HELENA DE SOUZA FREITAS           O MESMO                                 O MESMO     26131970BELFORD ROXO   RJUNIAO UMB DOS CULTOS AFRO BRAS    28021810 000009
10231987175000168817800093673    00006048                     000060480000000000000109                     I346048      31011800000000035003410000017N261217104700000000000103101180000000000000000000000000000000000000000100004842101490MARIA DE LOURDES FARIAS DOS SA          RUA HELIO DE OLIVEIRA LOTE 29 QUADRA 407PARADA MORAB25000000DUQUE DE CAXIASRJUNIAO UMB DOS CULTOS AFRO BRAS    31011810 000010
10231987175000168817800093673    00005574                     000055740000000000000109                     I025574      31011800000000035003410000017N261217104700000000000103101180000000000000000000000000000000000000000100008560350764EMANUELE DE FARIA CARVALHO DOS          RUA FLORESTA DO SUL, 33                 GUARATIBA - 23028512RIO DE JANEIRO RJUNIAO UMB DOS CULTOS AFRO BRAS    31011810 000011
10231987175000168817800093673    00004948                     000049480000000000000109                     I344948      31011800000000035003410000017N261217104700000000000103101180000000000000000000000000000000000000000100045471240782MARIA HELENA DE SOUZA FREITAS           O MESMO                                 O MESMO     26131970BELFORD ROXO   RJUNIAO UMB DOS CULTOS AFRO BRAS    31011810 000012
10231987175000168817800093673    00001466                     000014660000000000000109                     I021466      20121700000000240003410000017N251017104700000000000102012170000000000000000000000000000000000000000100073296333720IRACEMA HILARIO DA SILVA                AVENIDA: ROOSEVELT Nº 672              VILA GENI - 23825780ITAGUAI        RJUNIAO UMB DOS CULTOS AFRO BRAS    20121710 000013
10231987175000168817800093673    0000661                      000006610000000000000109                     I34661       20121700000000340003410000017N171017104700000000000102012170000000000000000000000000000000000000000200000000007710ELIZABETH CRISTIN DOS S. B. DA          RUA GONDIM DA FONSECA, 36 APTO 103      PORTUGUESA -21931575RIO DE JANEIRO RJUNIAO UMB DOS CULTOS AFRO BRAS    20121710 000014
9                                                                                                                                                                                                                                                                                                                                                                                                         000015
