01REMESSA01COBRANCA       916200163100        União Umb dos Cultos Afro Bra341BANCO ITAU SA  300118                                                                                                                                                                                                                                                                                                      000001
10231987175000168916200163100    00009051                     000090510000000000000109                     I029051      30011800000000455003410000017N220118104700000000000103001180000000000000000000000000000000000000000100085953407734CARLA MARIA FERREIRA DA SILVA           RUA: JOSE MARIA DO AMARAL N 40          GUARATIBA - 23028120RIO DE JANEIRO RJUNIAO UMB DOS CULTOS AFRO BRAS    30011810 000002
10231987175000168916200163100    00009005                     000090050000000000000109                     I029005      18011800000000350003410000017N090118104700000000000101801180000000000000000000000000000000000000000100008267557717MARCIA REGINA FELIPE DE SOUZA           ESTRADA DO MENDANHA LOTE 2 QUADRA O     MENDANHA - C23087283RIO DE JANEIRO RJUNIAO UMB DOS CULTOS AFRO BRAS    18011810 000003
10231987175000168916200163100    00008656                     000086560000000000000109                     I028656      31011800000000035003410000017N020118104700000000000103101180000000000000000000000000000000000000000100009527172713FABIANA DA SILVA FERNANDES              RUA ITAPACI, 56 CASA A                  COSMOS - RJ 23060440RIO DE JANEIRO RJUNIAO UMB DOS CULTOS AFRO BRAS    31011810 000004
10231987175000168916200163100    00004813                     000048130000000000000109                     I024813      17011800000000350003410000017N211217104700000000000101701180000000000000000000000000000000000000000100031668500744TERESA CRISTINA PINTO DE NOVAE          AVENIDA: GLAUCIO GIL Nº 310 APTº 103  RECREIO DOS 22795172RIO DE JANEIRO RJUNIAO UMB DOS CULTOS AFRO BRAS    17011810 000005
10231987175000168916200163100    00004032                     000040320000000000000109                     I024032      22121700000000350003410000017N171117104700000000000102212170000000000000000000000000000000000000000100008267557717MARCIA REGINA FELIPE DE SOUZA           ESTRADA DO MENDANHA LOTE 2 QUADRA O     MENDANHA - C23087283RIO DE JANEIRO RJUNIAO UMB DOS CULTOS AFRO BRAS    22121710 000006
10231987175000168916200163100    00003955                     000039550000000000000109                     I023955      22121700000000350003410000017N171117104700000000000102212170000000000000000000000000000000000000000100003328096760MARCO ANTONIO DA SILVA                  RUA: WALDEMAR VIEIRA AFONSO Nº 1200    CARANGOLA - 25715402DUQUE DE CAXIASRJUNIAO UMB DOS CULTOS AFRO BRAS    22121710 000007
10231987175000168916200163100    00003951                     000039510000000000000109                     I023951      22121700000000350003410000017N171117104700000000000102212170000000000000000000000000000000000000000100003723310761RODRIGO CARDOSO DA CUNHA                EST: VELHA DE MARICA Nº 257 - BALDEADORNITEROI - RJ24140000NITEROI        RJUNIAO UMB DOS CULTOS AFRO BRAS    22121710 000008
10231987175000168916200163100    00003313                     000033130000000000000109                     I023313      22121700000000350003410000017N171117104700000000000102212170000000000000000000000000000000000000000100071411780744ZULTAMAR MESQUITA DE ALMEIDA            RUA  CORONEL JOSE MUNIZ, 554            OLINDA  - NI26545060NILOPOLIS      RJUNIAO UMB DOS CULTOS AFRO BRAS    22121710 000009
10231987175000168916200163100    00003273                     000032730000000000000109                     I023273      22121700000000350003410000017N171117104700000000000102212170000000000000000000000000000000000000000100050526618787SANDRA REGINA MARQUES TEIXEIRA          RUA ERNESTO LOBAO, 89                   OSWALDO CRUZ21351180RIO DE JANEIRO RJUNIAO UMB DOS CULTOS AFRO BRAS    22121710 000010
10231987175000168916200163100    00002469                     000024690000000000000109                     I022469      31121700000000035003410000017N131117104700000000000103112170000000000000000000000000000000000000000100003328096760MARCO ANTONIO DA SILVA                  RUA: WALDEMAR VIEIRA AFONSO Nº 1200    CARANGOLA - 25715402DUQUE DE CAXIASRJUNIAO UMB DOS CULTOS AFRO BRAS    31121710 000011
10231987175000168916200163100    00001779                     000017790000000000000109                     I021779      31121700000000035003410000017N131117104700000000000103112170000000000000000000000000000000000000000100050526618787SANDRA REGINA MARQUES TEIXEIRA          RUA ERNESTO LOBAO, 89                   OSWALDO CRUZ21351180RIO DE JANEIRO RJUNIAO UMB DOS CULTOS AFRO BRAS    31121710 000012
10231987175000168916200163100    00001759                     000017590000000000000109                     I021759      31121700000000035003410000017N131117104700000000000103112170000000000000000000000000000000000000000100036206071700MARIA ISABEL RAMOS                      RUA MARINA N 428                        BENTO RIBEIR21331070RIO DE JANEIRO RJUNIAO UMB DOS CULTOS AFRO BRAS    31121710 000013
10231987175000168916200163100    00001623                     000016230000000000000109                     I021623      20121700000000400003410000017N301017104700000000000102012170000000000000000000000000000000000000000100071411780744ZULTAMAR MESQUITA DE ALMEIDA            RUA  CORONEL JOSE MUNIZ, 554            OLINDA  - NI26545060NILOPOLIS      RJUNIAO UMB DOS CULTOS AFRO BRAS    20121710 000014
9                                                                                                                                                                                                                                                                                                                                                                                                         000015
