01REMESSA01COBRANCA       916200163100        União Umb dos Cultos Afro Bra341BANCO ITAU SA  220719                                                                                                                                                                                                                                                                                                      000001
10231987175000168916200163100    000049949                    000499490000000000000109                     I0149949     30081900000000700003410000017N220719105700000000002313008190000000000000000000000000000000000000000100000897690745NUNIMAR PORTUGAL PEREIRA                RUA SILVEIRA MARTINSN 0, LOTE 32 QUADRA COELHO DA RO25540500SAO JOAO DE MERRJUNIAO UMB DOS CULTOS AFRO BRAS    30081915 000002
21300820190000000001400                                                                                                                                                                                                                                                                                                                                                                                   000003
10231987175000168916200163100    000049948                    000499480000000000000109                     I0149948     30071900000000040003410000017N220719105700000000000133007190000000000000000000000000000000000000000100059475161791MARIA NAZARETE ALVES ANTONIO            RUA SANTOS DUMONTN 23, FUNDOS           TAUA - ILHA 21910490RIO DE JANEIRO RJUNIAO UMB DOS CULTOS AFRO BRAS    30071915 000004
21300720190000000000080                                                                                                                                                                                                                                                                                                                                                                                   000005
10231987175000168916200163100    000049947                    000499470000000000000109                     I0149947     30091900000000040003410000017N220719105700000000000133009190000000000000000000000000000000000000000100092393632700VERA REGINA GONCALVES                   RUA ANTONIO ALVESN 417,                 COSTA BARROS21650020RIO DE JANEIRO RJUNIAO UMB DOS CULTOS AFRO BRAS    30091915 000006
21300920190000000000080                                                                                                                                                                                                                                                                                                                                                                                   000007
10231987175000168916200163100    000049946                    000499460000000000000109                     I0149946     30081900000000040003410000017N220719105700000000000133008190000000000000000000000000000000000000000100092393632700VERA REGINA GONCALVES                   RUA ANTONIO ALVESN 417,                 COSTA BARROS21650020RIO DE JANEIRO RJUNIAO UMB DOS CULTOS AFRO BRAS    30081915 000008
21300820190000000000080                                                                                                                                                                                                                                                                                                                                                                                   000009
10231987175000168916200163100    000049945                    000499450000000000000109                     I0149945     15081900000000040003410000017N220719105700000000000131508190000000000000000000000000000000000000000100092393632700VERA REGINA GONCALVES                   RUA ANTONIO ALVESN 417,                 COSTA BARROS21650020RIO DE JANEIRO RJUNIAO UMB DOS CULTOS AFRO BRAS    15081915 000010
21150820190000000000080                                                                                                                                                                                                                                                                                                                                                                                   000011
10231987175000168916200163100    000049944                    000499440000000000000109                     I0149944     30071900000000120003410000017N200719105700000000000403007190000000000000000000000000000000000000000100005209152758LAZARO OLIVEIRA DE ARAUJO               RUA MULULO DA VEIGAN 1045,              NEVES       24425460SAO GONCALO    RJUNIAO UMB DOS CULTOS AFRO BRAS    30071915 000012
21300720190000000000240                                                                                                                                                                                                                                                                                                                                                                                   000013
10231987175000168916200163100    000044059                    000440590000000000000109                     I0244059     30061900000000040003410000017N130319105700000000000133006190000000000000000000000000000000000000000100005444285797CICERO PEREIRA GOMES NETO               RUA CAPITAO RUBENSN 1, BLOCO 8 APTº 108MARECHAL HER21610290RIO DE JANEIRO RJUNIAO UMB DOS CULTOS AFRO BRAS    30061915 000014
21300620190000000000080                                                                                                                                                                                                                                                                                                                                                                                   000015
10231987175000168916200163100    000043895                    000438950000000000000109                     I0243895     30061900000000040003410000017N130319105700000000000133006190000000000000000000000000000000000000000100000596984707MARGARETH WAMBURG DE SIQUEIRA           RUA SAO FRANCISCO XAVIERN 953,          MARACANA    20550013RIO DE JANEIRO RJUNIAO UMB DOS CULTOS AFRO BRAS    30061915 000016
21300620190000000000080                                                                                                                                                                                                                                                                                                                                                                                   000017
10231987175000168916200163100    000043482                    000434820000000000000109                     I0243482     30061900000000040003410000017N130319105700000000000133006190000000000000000000000000000000000000000100000224990756DENISE SILVA SIQUEIRA                   RUA PAULO PRADON 20,                    OSWALDO CRUZ21341130RIO DE JANEIRO RJUNIAO UMB DOS CULTOS AFRO BRAS    30061915 000018
21300620190000000000080                                                                                                                                                                                                                                                                                                                                                                                   000019
10231987175000168916200163100    000043150                    000431500000000000000109                     I3443150     30061900000000040003410000017N130319105700000000000133006190000000000000000000000000000000000000000100092393632700VERA REGINA GONCALVES                   RUA ANTONIO ALVESN 417,                 COSTA BARROS21650020RIO DE JANEIRO RJUNIAO UMB DOS CULTOS AFRO BRAS    30061915 000020
21300620190000000000080                                                                                                                                                                                                                                                                                                                                                                                   000021
10231987175000168916200163100    000042413                    000424130000000000000109                     I0242413     30051900000000040003410000017N130319105700000000000133005190000000000000000000000000000000000000000100005444285797CICERO PEREIRA GOMES NETO               RUA CAPITAO RUBENSN 1, BLOCO 8 APTº 108MARECHAL HER21610290RIO DE JANEIRO RJUNIAO UMB DOS CULTOS AFRO BRAS    30051915 000022
21300520190000000000080                                                                                                                                                                                                                                                                                                                                                                                   000023
10231987175000168916200163100    000042250                    000422500000000000000109                     I0242250     30051900000000040003410000017N130319105700000000000133005190000000000000000000000000000000000000000100000596984707MARGARETH WAMBURG DE SIQUEIRA           RUA SAO FRANCISCO XAVIERN 953,          MARACANA    20550013RIO DE JANEIRO RJUNIAO UMB DOS CULTOS AFRO BRAS    30051915 000024
21300520190000000000080                                                                                                                                                                                                                                                                                                                                                                                   000025
10231987175000168916200163100    000041957                    000419570000000000000109                     I0241957     30051900000000040003410000017N130319105700000000000133005190000000000000000000000000000000000000000100081947712772MARIA COELHO DE LIMA                    RUA MARQUESA DOS SANTOS N 240, CASA 1   VILA ROSARIO25040070DUQUE DE CAXIASRJUNIAO UMB DOS CULTOS AFRO BRAS    30051915 000026
21300520190000000000080                                                                                                                                                                                                                                                                                                                                                                                   000027
10231987175000168916200163100    000041511                    000415110000000000000109                     I3441511     30051900000000040003410000017N130319105700000000000133005190000000000000000000000000000000000000000100092393632700VERA REGINA GONCALVES                   RUA ANTONIO ALVESN 417,                 COSTA BARROS21650020RIO DE JANEIRO RJUNIAO UMB DOS CULTOS AFRO BRAS    30051915 000028
21300520190000000000080                                                                                                                                                                                                                                                                                                                                                                                   000029
9                                                                                                                                                                                                                                                                                                                                                                                                         000030
