01REMESSA01COBRANCA       916200163100        União Umb dos Cultos Afro Bra341BANCO ITAU SA  030218                                                                                                                                                                                                                                                                                                      000001
10231987175000168916200163100    00009086                     000090860000000000000109                     I029086      31011800000000280003410000017N300118104700000000000103101180000000000000000000000000000000000000000100044339682772MARIA APARECIDA DE MOURA MORTA          RUA CARLOS COSTA Nº 25 CASA 2          RIACHUELO  -20970090RIO DE JANEIRO RJUNIAO UMB DOS CULTOS AFRO BRAS    31011810 000002
10231987175000168916200163100    00008882                     000088820000000000000109                     I028882      31011800000000035003410000017N020118104700000000000103101180000000000000000000000000000000000000000100002318035750ADILSON LIMA MACIEIRA                   RUA CORONEL FRANCA LEITE, 1139 CASA 3   MANOEL REIS 26515030NILOPOLIS      RJUNIAO UMB DOS CULTOS AFRO BRAS    31011810 000003
10231987175000168916200163100    00008566                     000085660000000000000109                     I028566      31011800000000035003410000017N020118104700000000000103101180000000000000000000000000000000000000000100060052830730PAULO CESAR BARRETO ALVES               RUA ANGELO DOS REIS N 207 FUNDOS        USINA - ALTO20531010RIO DE JANEIRO RJUNIAO UMB DOS CULTOS AFRO BRAS    31011810 000004
10231987175000168916200163100    00008501                     000085010000000000000109                     I028501      31011800000000035003410000017N020118104700000000000103101180000000000000000000000000000000000000000100089245598772ANGELA MARIA CARDOSO NATALUCCI          ESTRADA DA PEDRA, 2748 - VENDAS DE VARANSANTA CRUZ -23520241RIO DE JANEIRO RJUNIAO UMB DOS CULTOS AFRO BRAS    31011810 000005
10231987175000168916200163100    00008433                     000084330000000000000109                     I028433      31011800000000035003410000017N020118104700000000000103101180000000000000000000000000000000000000000100002340783755VERA LUCIA MARQUES DOS SANTOS           RUA MORANGABA  29                       GUADALUPE  R21665140RIO DE JANEIRO RJUNIAO UMB DOS CULTOS AFRO BRAS    31011810 000006
10231987175000168916200163100    00004163                     000041630000000000000109                     I024163      22121700000000350003410000017N171117104700000000000102212170000000000000000000000000000000000000000100077176677700JOSEMAR DE OLIVEIRA SODRE               RUA GONCALO BELIZARIO, 280 SOBRADO      ALMERINDA - 24745030SAO GONCALO    RJUNIAO UMB DOS CULTOS AFRO BRAS    22121710 000007
10231987175000168916200163100    00004022                     000040220000000000000109                     I024022      22121700000000350003410000017N171117104700000000000102212170000000000000000000000000000000000000000100044339682772MARIA APARECIDA DE MOURA MORTA          RUA CARLOS COSTA Nº 25 CASA 2          RIACHUELO  -20970090RIO DE JANEIRO RJUNIAO UMB DOS CULTOS AFRO BRAS    22121710 000008
10231987175000168916200163100    00002708                     000027080000000000000109                     I022708      31121700000000035003410000017N131117104700000000000103112170000000000000000000000000000000000000000100077176677700JOSEMAR DE OLIVEIRA SODRE               RUA GONCALO BELIZARIO, 280 SOBRADO      ALMERINDA - 24745030SAO GONCALO    RJUNIAO UMB DOS CULTOS AFRO BRAS    31121710 000009
10231987175000168916200163100    00002545                     000025450000000000000109                     I022545      31121700000000035003410000017N131117104700000000000103112170000000000000000000000000000000000000000100044339682772MARIA APARECIDA DE MOURA MORTA          RUA CARLOS COSTA Nº 25 CASA 2          RIACHUELO  -20970090RIO DE JANEIRO RJUNIAO UMB DOS CULTOS AFRO BRAS    31121710 000010
9                                                                                                                                                                                                                                                                                                                                                                                                         000011
