01REMESSA01COBRANCA       817800093673        União Umb dos Cultos Afro Bra341BANCO ITAU SA  190219                                                                                                                                                                                                                                                                                                      000001
10231987175000168817800093673    000033304                    000333040000000000000109                     I0233304     20121800000000380003410000017N291018104700000000000102012180000000000000000000000000000000000000000100034463399300MARIA ENOIA DE SOUSA CORREA             RUA RODEZIAN 37, CASA 1                 BANCARIOS   21910145RIO DE JANEIRO RJUNIAO UMB DOS CULTOS AFRO BRAS    20121810 000002
10231987175000168817800093673    000032222                    000322220000000000000109                     I0232222     20121800000000350003410000017N291018104700000000000102012180000000000000000000000000000000000000000100005500065750FABIANO DE AGUIAR                       RUA CINQUENTA E CINCO N 0, QD 84 LT 1 CANOSSA SENHOR23097485RIO DE JANEIRO RJUNIAO UMB DOS CULTOS AFRO BRAS    20121810 000003
10231987175000168817800093673    000030400                    000304000000000000000109                     I0230400     20121800000000040003410000017N291018104700000000000102012180000000000000000000000000000000000000000100034463399300MARIA ENOIA DE SOUSA CORREA             RUA RODEZIAN 37, CASA 1                 BANCARIOS   21910145RIO DE JANEIRO RJUNIAO UMB DOS CULTOS AFRO BRAS    20121810 000004
10231987175000168817800093673    000029767                    000297670000000000000109                     I0229767     20121800000000035003410000017N291018104700000000000102012180000000000000000000000000000000000000000100005500065750FABIANO DE AGUIAR                       RUA CINQUENTA E CINCO N 0, QD 84 LT 1 CANOSSA SENHOR23097485RIO DE JANEIRO RJUNIAO UMB DOS CULTOS AFRO BRAS    20121810 000005
10231987175000168817800093673    000029366                    000293660000000000000109                     I0229366     20121800000000035003410000017N291018104700000000000102012180000000000000000000000000000000000000000100065138210700TANIA CRISTINA DOS SANTOS PERE          RUA SOARES TAVARESN 521,                GRAMACHO    25035060DUQUE DE CAXIASRJUNIAO UMB DOS CULTOS AFRO BRAS    20121810 000006
10231987175000168817800093673    000029365                    000293650000000000000109                     I0229365     20121800000000035003410000017N291018104700000000000102012180000000000000000000000000000000000000000100007150949711SEVERINA BENVINDO FERREIRA              ESTRADA DO CALUNDUN 0, LOTE 32 QUADRA 51NOSSA SENHOR25040610DUQUE DE CAXIASRJUNIAO UMB DOS CULTOS AFRO BRAS    20121810 000007
10231987175000168817800093673    000029360                    000293600000000000000109                     I0229360     20121800000000035003410000017N291018104700000000000102012180000000000000000000000000000000000000000100047401680734RAQUEL RODRIGUES SOBRAL DANTAS          RUA CAPITAO COUTO MENEZES N 110,        MADUREIRA   21310200RIO DE JANEIRO RJUNIAO UMB DOS CULTOS AFRO BRAS    20121810 000008
10231987175000168817800093673    000029359                    000293590000000000000109                     I0229359     20121800000000035003410000017N291018104700000000000102012180000000000000000000000000000000000000000100003737351708TANIA PAULA DOS SANTOS                  RUA GENERAL SALGADO DOS SANTOSN 177,    GUADALUPE   21660360RIO DE JANEIRO RJUNIAO UMB DOS CULTOS AFRO BRAS    20121810 000009
10231987175000168817800093673    000029358                    000293580000000000000109                     I0229358     20121800000000035003410000017N291018104700000000000102012180000000000000000000000000000000000000000100001057873705ADEMIR ANDRADE CUNHA                    RUA PACHECO DA ROCHAN 636,              BENTO RIBEIR21555092RIO DE JANEIRO RJUNIAO UMB DOS CULTOS AFRO BRAS    20121810 000010
10231987175000168817800093673    000029355                    000293550000000000000109                     I0229355     20121800000000035003410000017N291018104700000000000102012180000000000000000000000000000000000000000100088469212753NEIDE CARVALHO D ANGELO                 RUA GENERAL TRAUMATURGO N 0, LOTE 17 QUAVILA ROSARIO25040010DUQUE DE CAXIASRJUNIAO UMB DOS CULTOS AFRO BRAS    20121810 000011
10231987175000168817800093673    000029354                    000293540000000000000109                     I0229354     20121800000000035003410000017N291018104700000000000102012180000000000000000000000000000000000000000100000000000000IVAN SOUZA DIAS                         RUA CARICON 0, LOTE 27 QUADRA 15 A      JARDIM METRO25575050SAO JOAO DE MERRJUNIAO UMB DOS CULTOS AFRO BRAS    20121810 000012
10231987175000168817800093673    000029353                    000293530000000000000109                     I0229353     20121800000000035003410000017N291018104700000000000102012180000000000000000000000000000000000000000100000000000000NEUZA MARIA MACHADO DA SILVA            RUA AUGUSTO SERGIO BOTELHON 0, QUADRA 67BARRO BRANCO25267124DUQUE DE CAXIASRJUNIAO UMB DOS CULTOS AFRO BRAS    20121810 000013
10231987175000168817800093673    000029351                    000293510000000000000109                     I0229351     20121800000000035003410000017N291018104700000000000102012180000000000000000000000000000000000000000100002912019702JONER BORGES BARCELOS                   RUA OITO N 0, QUADRA 30 LOTE 8          NOVA CAMPINA25000000DUQUE DE CAXIASRJUNIAO UMB DOS CULTOS AFRO BRAS    20121810 000014
10231987175000168817800093673    000029349                    000293490000000000000109                     I0229349     20121800000000035003410000017N291018104700000000000102012180000000000000000000000000000000000000000100078815428704LUZINETE PINHO DE SA                    ESTRADA MANOEL FERREIRA CAMPARN 1311, (APOSSE       26021060NOVA IGUACU    RJUNIAO UMB DOS CULTOS AFRO BRAS    20121810 000015
10231987175000168817800093673    000029343                    000293430000000000000109                     I0229343     20121800000000035003410000017N291018104700000000000102012180000000000000000000000000000000000000000100000911446710NELI MONTEIRO DE CASTRO                 AVENIDA PASSOS N 101, SALA 403          CENTRO      20051040RIO DE JANEIRO RJUNIAO UMB DOS CULTOS AFRO BRAS    20121810 000016
10231987175000168817800093673    000029341                    000293410000000000000109                     I0229341     20121800000000035003410000017N291018104700000000000102012180000000000000000000000000000000000000000100005137259705CRISTINA DE OLIVEIRA DA SILVA           AVENIDA CAMPO MOURAO N 0, LOTE 18 QUADRAJARDIM MARAV23031080GUARATIBA      RJUNIAO UMB DOS CULTOS AFRO BRAS    20121810 000017
10231987175000168817800093673    000029340                    000293400000000000000109                     I0229340     20121800000000035003410000017N291018104700000000000102012180000000000000000000000000000000000000000100004153245720NADIA MARIA BRAZ DOS SANTOS             RUA SOARES TAVARESN 1774,               PARQUE LAFAI25015310DUQUE DE CAXIASRJUNIAO UMB DOS CULTOS AFRO BRAS    20121810 000018
10231987175000168817800093673    000029339                    000293390000000000000109                     I0229339     20121800000000035003410000017N291018104700000000000102012180000000000000000000000000000000000000000100079469825772VICTOR FRANCISCO PEREIRA NETO           RUA JAMARI N 0, LOTE 16 QUADRA 93       JARDIM OLAVO25036290DUQUE DE CAXIASRJUNIAO UMB DOS CULTOS AFRO BRAS    20121810 000019
10231987175000168817800093673    000029338                    000293380000000000000109                     I0229338     20121800000000035003410000017N291018104700000000000102012180000000000000000000000000000000000000000100003248430702CRISTIANA ROSA DE OLIVEIRA              ESTRADA DA PORTEIRA N 0, LOTE 22 QUADRA JARDIM MAR  23821140ITAGUAI        RJUNIAO UMB DOS CULTOS AFRO BRAS    20121810 000020
10231987175000168817800093673    000029334                    000293340000000000000109                     I0229334     20121800000000035003410000017N291018104700000000000102012180000000000000000000000000000000000000000100007446571721ANDREA GUEDES PINHEIRO GOMES            RUA ADOLFO BERGAMINI N 155, CASA 1      CENTRO      26341490NILOPOLIS      RJUNIAO UMB DOS CULTOS AFRO BRAS    20121810 000021
10231987175000168817800093673    000029333                    000293330000000000000109                     I0229333     20121800000000035003410000017N291018104700000000000102012180000000000000000000000000000000000000000100000939896796SHIRLEI ARAUJO DO CARMO RODRIG          RUA PATIO DA ESTACAO N 74,              COSTA BARROS21532170RIO DE JANEIRO RJUNIAO UMB DOS CULTOS AFRO BRAS    20121810 000022
10231987175000168817800093673    000029330                    000293300000000000000109                     I0229330     20121800000000035003410000017N291018104700000000000102012180000000000000000000000000000000000000000100063538369704VERA LUCIA SOARES CONCEICAO DE          RUA CARALUNA N 35, LOTE 11 QUADRA 1     GUARATIBA - 23032070RIO DE JANEIRO RJUNIAO UMB DOS CULTOS AFRO BRAS    20121810 000023
10231987175000168817800093673    000029329                    000293290000000000000109                     I0229329     20121800000000035003410000017N291018104700000000000102012180000000000000000000000000000000000000000100019302231704DARLI ROCHA DO PRADO FERREIRA           RUA MONJOLO N 54, CASA                  ILHA DO GOVE21930376RIO DE JANEIRO RJUNIAO UMB DOS CULTOS AFRO BRAS    20121810 000024
10231987175000168817800093673    000029328                    000293280000000000000109                     I0229328     20121800000000035003410000017N291018104700000000000102012180000000000000000000000000000000000000000100030011370700HELENA CAVALCANTE MARQUES               RUA CAPITAO REZENDEN 408, LOJA L        CACHAMBI    20780190RIO DE JANEIRO RJUNIAO UMB DOS CULTOS AFRO BRAS    20121810 000025
10231987175000168817800093673    000029327                    000293270000000000000109                     I0229327     20121800000000035003410000017N291018104700000000000102012180000000000000000000000000000000000000000100090021177791MARIA CRISTINA CHAGAS DE SOUZA          RUA DA GLORIA N 4064,                   VILA LEPOLDI25060240DUQUE DE CAXIASRJUNIAO UMB DOS CULTOS AFRO BRAS    20121810 000026
10231987175000168817800093673    000029326                    000293260000000000000109                     I0229326     20121800000000035003410000017N291018104700000000000102012180000000000000000000000000000000000000000100028031342768ODILA RIBEIRO MARTINS                   RUA ITAPORE N 65, VILA SAO JOAO         VILAR DOS TE25560490SAO JOAO DE MERRJUNIAO UMB DOS CULTOS AFRO BRAS    20121810 000027
10231987175000168817800093673    000029325                    000293250000000000000109                     I0229325     20121800000000040003410000017N291018104700000000000102012180000000000000000000000000000000000000000100075037017734ORLY PEREIRA DE AZEVEDO                 RUA DEPUTADO SA REGO N 400,             VILA SAO LUI25225660DUQUE DE CAXIASRJUNIAO UMB DOS CULTOS AFRO BRAS    20121810 000028
10231987175000168817800093673    000029324                    000293240000000000000109                     I0229324     20121800000000035003410000017N291018104700000000000102012180000000000000000000000000000000000000000100000000000000CILEIDE REGLE RAPOUZO                   RUA DOS ANDRADA N 0, LOTE 12 QUADRA 57  SARAPUI     25050520DUQUE DE CAXIASRJUNIAO UMB DOS CULTOS AFRO BRAS    20121810 000029
10231987175000168817800093673    000029323                    000293230000000000000109                     I0229323     20121800000000035003410000017N291018104700000000000102012180000000000000000000000000000000000000000100000000000356SANDRA BAPTISTA DA SILVA                RUA CONGONHAS DO NORTE N 635, LOTE 23 QUJARDIM NOVA 23047560RIO DE JANEIRO RJUNIAO UMB DOS CULTOS AFRO BRAS    20121810 000030
10231987175000168817800093673    000029321                    000293210000000000000109                     I0229321     20121800000000035003410000017N291018104700000000000102012180000000000000000000000000000000000000000100010078178797ALINE CORREA SOUZA                      AVENIDA PILAR DO SUL N 0, LOTE 42 QUADRAGUARATIBA   23033160RIO DE JANEIRO RJUNIAO UMB DOS CULTOS AFRO BRAS    20121810 000031
10231987175000168817800093673    000029320                    000293200000000000000109                     I0229320     20121800000000035003410000017N291018104700000000000102012180000000000000000000000000000000000000000100092650716720ANDRE LUIS ALMEIDA SOUZA                RUA PTOLOMEUN 0, LOTE 30 QUADRA 23      JARDIM GLAUC26195195BELFORD ROXO   RJUNIAO UMB DOS CULTOS AFRO BRAS    20121810 000032
10231987175000168817800093673    000029316                    000293160000000000000109                     I0229316     20121800000000035003410000017N291018104700000000000102012180000000000000000000000000000000000000000100000615134742CONCEICAO DE SOUZA CAPITANO             RUA MECAN 103,                          SAO BENEDITO26022540NOVA IGUACU    RJUNIAO UMB DOS CULTOS AFRO BRAS    20121810 000033
10231987175000168817800093673    000029315                    000293150000000000000109                     I0229315     20121800000000035003410000017N291018104700000000000102012180000000000000000000000000000000000000000100000000000000DENIRCE SOUZA ANDRE                     AVENIDA PASTOR MARTIN LUTHER KING JUNIORTOMAS COELHO20761121RIO DE JANEIRO RJUNIAO UMB DOS CULTOS AFRO BRAS    20121810 000034
10231987175000168817800093673    000029313                    000293130000000000000109                     I0229313     20121800000000035003410000017N291018104700000000000102012180000000000000000000000000000000000000000100079192653715TERESINHA DE JESUS DOS SANTOS           RUA OLIMPIO DA MOTA N 178,              IRAJA       21235510RIO DE JANEIRO RJUNIAO UMB DOS CULTOS AFRO BRAS    20121810 000035
10231987175000168817800093673    000029310                    000293100000000000000109                     I0229310     20121800000000035003410000017N291018104700000000000102012180000000000000000000000000000000000000000100044608268791FAUSTO DOS SANTOS REZENDE               RUA CARUNA N 397,                       PARADA DE LU21010070RIO DE JANEIRO RJUNIAO UMB DOS CULTOS AFRO BRAS    20121810 000036
10231987175000168817800093673    000029308                    000293080000000000000109                     I0229308     20121800000000040003410000017N291018104700000000000102012180000000000000000000000000000000000000000100088676889791JANE LUCIA LESSA SILVA                  RUA OLIVEIRA JUNQUEIRAN 36,             BENTO RIBEIR21331170RIO DE JANEIRO RJUNIAO UMB DOS CULTOS AFRO BRAS    20121810 000037
10231987175000168817800093673    000029307                    000293070000000000000109                     I0229307     20121800000000035003410000017N291018104700000000000102012180000000000000000000000000000000000000000100007544975770WILLIAMS COSTA SOARES                   RUA LEILA N 70, MARCO POLO II           COMENDADOR S26261150NOVA IGUACU    RJUNIAO UMB DOS CULTOS AFRO BRAS    20121810 000038
10231987175000168817800093673    000029306                    000293060000000000000109                     I0229306     20121800000000035003410000017N291018104700000000000102012180000000000000000000000000000000000000000100069876207768JUREMA DIONISIO RODRIGUES               RUA CARLOS OLIMPIO DE MELLO N 59, CASA 1PACIENCIA   23585160RIO DE JANEIRO RJUNIAO UMB DOS CULTOS AFRO BRAS    20121810 000039
10231987175000168817800093673    000029305                    000293050000000000000109                     I0229305     20121800000000035003410000017N291018104700000000000102012180000000000000000000000000000000000000000100001859792707REGIS GOMES DE OLIVEIRA                 AVENIDA DO CANALN 54, COND VALE FELIZ   ALBUQUERQUE 25976560TERESOPOLIS    RJUNIAO UMB DOS CULTOS AFRO BRAS    20121810 000040
10231987175000168817800093673    000029304                    000293040000000000000109                     I0229304     20121800000000035003410000017N291018104700000000000102012180000000000000000000000000000000000000000100001149312750CLAUDIO SERGIO DE CASTRO                RUA LAJAO N 279,                        CENTRO      35240000CONSELHEIRO PENMGUNIAO UMB DOS CULTOS AFRO BRAS    20121810 000041
10231987175000168817800093673    000029299                    000292990000000000000109                     I0229299     20121800000000035003410000017N291018104700000000000102012180000000000000000000000000000000000000000100005727808774RITA BORGES MOREIRA                     RUA CIRILO DA SILVEIRA N 80, RUA J LOTE VILA VALQUEI21330735RIO DE JANEIRO RJUNIAO UMB DOS CULTOS AFRO BRAS    20121810 000042
10231987175000168817800093673    000029298                    000292980000000000000109                     I0229298     20121800000000035003410000017N291018104700000000000102012180000000000000000000000000000000000000000100009611659792ALUIZIO RODRIGUES RIBEIRO               RUA GARCIA PIRESN 82, CASA 3            QUINTINO    21311300RIO DE JANEIRO RJUNIAO UMB DOS CULTOS AFRO BRAS    20121810 000043
10231987175000168817800093673    000029297                    000292970000000000000109                     I0229297     20121800000000035003410000017N291018104700000000000102012180000000000000000000000000000000000000000100058924477749MARIA DAS GRACAS AZEVEDO RIBEI          RUA VICENTE LIMA N 0, LOTE 17 QUADRA E  VILAR DOS TE25560240SAO JOAO DE MERRJUNIAO UMB DOS CULTOS AFRO BRAS    20121810 000044
10231987175000168817800093673    000029295                    000292950000000000000109                     I0229295     20121800000000035003410000017N291018104700000000000102012180000000000000000000000000000000000000000100003125944708ROGERIO GOMES DA SILVA                  RUA ALMIRANTE FIGUEIREDON 118, APT 5 NºFREGUESIA   21911150RIO DE JANEIRO RJUNIAO UMB DOS CULTOS AFRO BRAS    20121810 000045
10231987175000168817800093673    000029293                    000292930000000000000109                     I0229293     20121800000000040003410000017N291018104700000000000102012180000000000000000000000000000000000000000100004252372739BARBARA CRISTINA BATISTA DOS S          RUA JAVAN 136, ESTRADA RIO SAO PAULO KM BOM JESUS   26352090NOVA IGUACU    RJUNIAO UMB DOS CULTOS AFRO BRAS    20121810 000046
10231987175000168817800093673    000029292                    000292920000000000000109                     I0229292     20121800000000035003410000017N291018104700000000000102012180000000000000000000000000000000000000000100088407721700CELSO DE OLIVEIRA ALBUQUERQUE           RUA ANHANGUERA N 0,  LOTE 50 QUADRA 11  SAO BERNARDO26160660BELFORD ROXO   RJUNIAO UMB DOS CULTOS AFRO BRAS    20121810 000047
10231987175000168817800093673    000029291                    000292910000000000000109                     I0229291     20121800000000035003410000017N291018104700000000000102012180000000000000000000000000000000000000000100001559752777CLAUDIA DA SILVA FERREIRA ANTO          RUA SAO JOAO N 89,                      COSMOS      23060720RIO DE JANEIRO RJUNIAO UMB DOS CULTOS AFRO BRAS    20121810 000048
10231987175000168817800093673    000029288                    000292880000000000000109                     I0229288     20121800000000035003410000017N291018104700000000000102012180000000000000000000000000000000000000000100058486496772CELIA DOMINGOS DA SILVA                 RUA JANETEN 461,                        BANCO DE ARE26275020MESQUITA       RJUNIAO UMB DOS CULTOS AFRO BRAS    20121810 000049
10231987175000168817800093673    000029283                    000292830000000000000109                     I0229283     20121800000000035003410000017N291018104700000000000102012180000000000000000000000000000000000000000100048623334787IOLANDA JOSE PROFIRIO BARRETO           RUA SUECIAN 30,                         JARDIM CAICA28910240CABO FRIO      RJUNIAO UMB DOS CULTOS AFRO BRAS    20121810 000050
10231987175000168817800093673    000029282                    000292820000000000000109                     I0229282     20121800000000040003410000017N291018104700000000000102012180000000000000000000000000000000000000000100085146595704CARLA MARY MONSORES REGO                RUA FREDERICO MENEZESN 0, RUA D LOTE 35 TINGUI      23075570RIO DE JANEIRO RJUNIAO UMB DOS CULTOS AFRO BRAS    20121810 000051
10231987175000168817800093673    000029277                    000292770000000000000109                     I0229277     20121800000000035003410000017N291018104700000000000102012180000000000000000000000000000000000000000100005689170739KATIA CILENE MACEDO DOS SANTOS          RUA EUCLIDES ROXO N 185,                REALENGO    21765590RIO DE JANEIRO RJUNIAO UMB DOS CULTOS AFRO BRAS    20121810 000052
10231987175000168817800093673    000029271                    000292710000000000000109                     I0229271     20121800000000035003410000017N291018104700000000000102012180000000000000000000000000000000000000000100045469865720NIVALDA MARIA FERREIRA                  RUA LASSANCE N 0, LOTE 14 QUADRA 9      JARDIM MARAV23033100CAMPO GRANDE   RJUNIAO UMB DOS CULTOS AFRO BRAS    20121810 000053
10231987175000168817800093673    000029267                    000292670000000000000109                     I0229267     20121800000000035003410000017N291018104700000000000102012180000000000000000000000000000000000000000100010491247745JOAO BATISTA MACEDO DE FREITAS          RUA ITAGIBAN 1047, FUNDOS               COSMOS      23060450RIO DE JANEIRO RJUNIAO UMB DOS CULTOS AFRO BRAS    20121810 000054
10231987175000168817800093673    000029266                    000292660000000000000109                     I0229266     20121800000000035003410000017N291018104700000000000102012180000000000000000000000000000000000000000100085488526749MARCOS ROMEU DA SILVA                   RUA CAMINHO DO VELOSON 836, CASA 4      AUGUSTO VASC23013090CAMPO GRANDE   RJUNIAO UMB DOS CULTOS AFRO BRAS    20121810 000055
10231987175000168817800093673    000029265                    000292650000000000000109                     I0229265     20121800000000035003410000017N291018104700000000000102012180000000000000000000000000000000000000000100082233039734BARBARA DA SILVA CUNHA MOREIRA          RUA EVARISTO PIRES N 290,               BANGU       21840040RIO DE JANEIRO RJUNIAO UMB DOS CULTOS AFRO BRAS    20121810 000056
10231987175000168817800093673    000029264                    000292640000000000000109                     I0229264     20121800000000035003410000017N291018104700000000000102012180000000000000000000000000000000000000000100000000000000EDMILSON DOS SANTOS WINNE DE N          RUA DONA JULIAN 40, FUNDOS              SEPETIBA    23545570RIO DE JANEIRO RJUNIAO UMB DOS CULTOS AFRO BRAS    20121810 000057
10231987175000168817800093673    000029262                    000292620000000000000109                     I0229262     20121800000000035003410000017N291018104700000000000102012180000000000000000000000000000000000000000100005744506705SANDRA REGINA DE OLIVEIRA               RUA MARCIA COSTA N 924,                 JARDIM NOVA 26271160NOVA IGUACU    RJUNIAO UMB DOS CULTOS AFRO BRAS    20121810 000058
10231987175000168817800093673    000029261                    000292610000000000000109                     I0229261     20121800000000040003410000017N291018104700000000000102012180000000000000000000000000000000000000000100073257265700DAMIANA DE OLIVEIRA PINHEIRO            RUA PROJETADA ALPHA N 0, QUADRA 5 LOTE 6PALMARES    23575270SANTA CRUZ     RJUNIAO UMB DOS CULTOS AFRO BRAS    20121810 000059
10231987175000168817800093673    000029260                    000292600000000000000109                     I0229260     20121800000000035003410000017N291018104700000000000102012180000000000000000000000000000000000000000100000000000251NEUZA DE OLIVEIRA                       RUA CINQUENTA E CINCON 521, QUADRA 49   NOVA SEPETIB23547490SEPETIBA       RJUNIAO UMB DOS CULTOS AFRO BRAS    20121810 000060
10231987175000168817800093673    000029259                    000292590000000000000109                     I0229259     20121800000000035003410000017N291018104700000000000102012180000000000000000000000000000000000000000100000000000000ANA LUCIA FRANCISCO BORGES              RUA DO ACAFRAON 157, APTº 101          PADRE MIGUEL21870330RIO DE JANEIRO RJUNIAO UMB DOS CULTOS AFRO BRAS    20121810 000061
10231987175000168817800093673    000029257                    000292570000000000000109                     I0229257     20121800000000035003410000017N291018104700000000000102012180000000000000000000000000000000000000000100000000000000EVA ANA ROSA DOS SANTOS                 RUA SARGENTO ANDIRAS DE ABREU N 0, LOTE PALMARES - P23066080RIO DE JANEIRO RJUNIAO UMB DOS CULTOS AFRO BRAS    20121810 000062
10231987175000168817800093673    000029256                    000292560000000000000109                     I0229256     20121800000000035003410000017N291018104700000000000102012180000000000000000000000000000000000000000100059272570700VERA LUCIA LIMA SILVA                   RUA DOS BIOLOGOS N 0, LOTE 15 QUADRA 15 TAQUARA - JA22723510RIO DE JANEIRO RJUNIAO UMB DOS CULTOS AFRO BRAS    20121810 000063
10231987175000168817800093673    000029253                    000292530000000000000109                     I0229253     20121800000000035003410000017N291018104700000000000102012180000000000000000000000000000000000000000100005256804707JANAINA MARIA COSTA                     RUA GENERAL AZEREDO N 744,              REALENGO    21765000RIO DE JANEIRO RJUNIAO UMB DOS CULTOS AFRO BRAS    20121810 000064
10231987175000168817800093673    000029251                    000292510000000000000109                     I0229251     20121800000000035003410000017N291018104700000000000102012180000000000000000000000000000000000000000100001388677717EDSON LUIZ COSTA SOARES                 RUA LEOCADIO MELLON 326,                JARDIM NOVA 26272060NOVA IGUACU    RJUNIAO UMB DOS CULTOS AFRO BRAS    20121810 000065
10231987175000168817800093673    000029250                    000292500000000000000109                     I0229250     20121800000000035003410000017N291018104700000000000102012180000000000000000000000000000000000000000100000000000000JOSE ANTONIO ZANELLI                    PRAIA DE ICARAIN 267, LOJA 102          ICARAI      24230004NITEROI        RJUNIAO UMB DOS CULTOS AFRO BRAS    20121810 000066
10231987175000168817800093673    000029249                    000292490000000000000109                     I0229249     20121800000000035003410000017N291018104700000000000102012180000000000000000000000000000000000000000100028131576787EVA MOREIRA FERREIRA                    RUA PEDRO LESSA N 1486,                 VILA LEOPOLD25035800DUQUE DE CAXIASRJUNIAO UMB DOS CULTOS AFRO BRAS    20121810 000067
10231987175000168817800093673    000029246                    000292460000000000000109                     I0229246     20121800000000035003410000017N291018104700000000000102012180000000000000000000000000000000000000000100000000000000SEBASTIANA MARIANO DIAS                 RUA XAVANTESN 19,                       VILA IBIRAPI23811560ITAGUAI        RJUNIAO UMB DOS CULTOS AFRO BRAS    20121810 000068
10231987175000168817800093673    000029244                    000292440000000000000109                     I0229244     20121800000000035003410000017N291018104700000000000102012180000000000000000000000000000000000000000100027016005704SEVERINO MIGUEL SIMAO                   RUA CONDOMINIO PASSAREDON 0, QUADRA 24 LCAMINHO DE B28910000CABO FRIO      RJUNIAO UMB DOS CULTOS AFRO BRAS    20121810 000069
10231987175000168817800093673    000029242                    000292420000000000000109                     I0229242     20121800000000035003410000017N291018104700000000000102012180000000000000000000000000000000000000000100007070605757DANIEL MARCONDI DE SOUZA                RUA TUPIN 20,                           VILA PAULINE26185235BELFORD ROXO   RJUNIAO UMB DOS CULTOS AFRO BRAS    20121810 000070
10231987175000168817800093673    000029241                    000292410000000000000109                     I0229241     20121800000000035003410000017N291018104700000000000102012180000000000000000000000000000000000000000100004287865707MARIA LUISA DE OLIVEIRA LIREO           RUA PORTO CARRERO N 333,                CORDOVIL    21250260RIO DE JANEIRO RJUNIAO UMB DOS CULTOS AFRO BRAS    20121810 000071
10231987175000168817800093673    000029239                    000292390000000000000109                     I0229239     20121800000000035003410000017N291018104700000000000102012180000000000000000000000000000000000000000100003032033748MARIA MOREIRA TEIXEIRA                  AVENIDA GENERAL JOSE MULHERN 1018,      HELIOPOLIS  26140040BELFORD ROXO   RJUNIAO UMB DOS CULTOS AFRO BRAS    20121810 000072
10231987175000168817800093673    000029238                    000292380000000000000109                     I0229238     20121800000000035003410000017N291018104700000000000102012180000000000000000000000000000000000000000100095470298787MAGNO AGUIAR DA SILVA                   RUA DOM PEDRO IN 1,  FUNDOS             PRAIA GRANDE28930000ARRAIAL DO CABORJUNIAO UMB DOS CULTOS AFRO BRAS    20121810 000073
10231987175000168817800093673    000029237                    000292370000000000000109                     I0229237     20121800000000035003410000017N291018104700000000000102012180000000000000000000000000000000000000000100003725237735LUCIANO LOPES DA SILVA                  ALAMEDA: BUENO AIRES N 370,             RIO DO OURO 24752360SAO GONCALO    RJUNIAO UMB DOS CULTOS AFRO BRAS    20121810 000074
10231987175000168817800093673    000029236                    000292360000000000000109                     I0229236     20121800000000035003410000017N291018104700000000000102012180000000000000000000000000000000000000000100006932718766CARLOS EDUARDO DE OLIVEIRA              TRAVESSA CARLOS SAMPAIO N 0, QUADRA 2 LOAUSTIN      26087287NOVA IGUACU    RJUNIAO UMB DOS CULTOS AFRO BRAS    20121810 000075
10231987175000168817800093673    000029233                    000292330000000000000109                     I0229233     20121800000000035003410000017N291018104700000000000102012180000000000000000000000000000000000000000100060398167753LUCIA PEREIRA                           RUA ZEFERINO DA COSTA N 83,             CAVALCANTI  21370230RIO DE JANEIRO RJUNIAO UMB DOS CULTOS AFRO BRAS    20121810 000076
10231987175000168817800093673    000029231                    000292310000000000000109                     I0229231     20121800000000035003410000017N291018104700000000000102012180000000000000000000000000000000000000000100004455965700MARIA DE LOURDES SOARES DA SIL          ESTRADA RJ 127 N 0, KM 25               ALTO DO CHAF26650000PAULO DE FRONTIRJUNIAO UMB DOS CULTOS AFRO BRAS    20121810 000077
10231987175000168817800093673    000029228                    000292280000000000000109                     I0229228     20121800000000035003410000017N291018104700000000000102012180000000000000000000000000000000000000000100000000000000ELOIDE GONCALVES GAIA                   RUA IVONETEN 31, A                      CONJUNTO SAN23071580RIO DE JANEIRO RJUNIAO UMB DOS CULTOS AFRO BRAS    20121810 000078
10231987175000168817800093673    000029227                    000292270000000000000109                     I0229227     20121800000000035003410000017N291018104700000000000102012180000000000000000000000000000000000000000100005538511790VALNEI BARBOSA DA SILVA                 RUA DOS RUBISN 19,                      INHOAIBA - C23064670RIO DE JANEIRO RJUNIAO UMB DOS CULTOS AFRO BRAS    20121810 000079
10231987175000168817800093673    000029226                    000292260000000000000109                     I0229226     20121800000000035003410000017N291018104700000000000102012180000000000000000000000000000000000000000100028842723720HELENITA ANTONIA DE JESUS               RUA DIVINOLANDIAN 225, CASA 1           CAMPO GRANDE23066440RIO DE JANEIRO RJUNIAO UMB DOS CULTOS AFRO BRAS    20121810 000080
10231987175000168817800093673    000029225                    000292250000000000000109                     I0229225     20121800000000035003410000017N291018104700000000000102012180000000000000000000000000000000000000000100013222460760VITOR NERY DO AMARAL                    RUA MARIA PARISN 342,                   PAIOL       26545600NILOPOLIS      RJUNIAO UMB DOS CULTOS AFRO BRAS    20121810 000081
10231987175000168817800093673    000029223                    000292230000000000000109                     I0229223     20121800000000035003410000017N291018104700000000000102012180000000000000000000000000000000000000000100086374370791IVETE SILVA GOMES                       RUA SEISN 0, LOTE 329                   GEBARA - ITA24867416NITEROI        RJUNIAO UMB DOS CULTOS AFRO BRAS    20121810 000082
10231987175000168817800093673    000029221                    000292210000000000000109                     I0229221     20121800000000035003410000017N291018104700000000000102012180000000000000000000000000000000000000000100059941294704LUZIA LYGIA DO NASCIMENTO CAMA          RUA ONZEN 112, CASA 1 QUADRA 57         SANTA CRUZ D25250000DUQUE DE CAXIASRJUNIAO UMB DOS CULTOS AFRO BRAS    20121810 000083
10231987175000168817800093673    000029220                    000292200000000000000109                     I0229220     20121800000000035003410000017N291018104700000000000102012180000000000000000000000000000000000000000100001834521785MARCELO TEIXEIRA ORSI                   ESTRADA DE SANTANAN 652,                CERAMICA    26082035NOVA IGUACU    RJUNIAO UMB DOS CULTOS AFRO BRAS    20121810 000084
10231987175000168817800093673    000029217                    000292170000000000000109                     I0229217     20121800000000040003410000017N291018104700000000000102012180000000000000000000000000000000000000000100042153425700MARIA DA CONCEICAO MADUREIRA D          RUA SARAVATA N 329,                     MARECHAL HER21557010RIO DE JANEIRO RJUNIAO UMB DOS CULTOS AFRO BRAS    20121810 000085
10231987175000168817800093673    000029216                    000292160000000000000109                     I0229216     20121800000000035003410000017N291018104700000000000102012180000000000000000000000000000000000000000100000000000723DERLI DE CARVALHO SILVA                 RUA: TEOTONIO SANTOSN 111,              MARAMBAIA   36880000MURIAE         MGUNIAO UMB DOS CULTOS AFRO BRAS    20121810 000086
10231987175000168817800093673    000029215                    000292150000000000000109                     I0229215     20121800000000035003410000017N291018104700000000000102012180000000000000000000000000000000000000000100007253631773CARLOS EDUARDO IZIDORO DE OLIV          AVENIDA JOSE BRUMATTI N 3158, JARDIM DASLAVRAS      25015350GUARULHOS      SPUNIAO UMB DOS CULTOS AFRO BRAS    20121810 000087
10231987175000168817800093673    000029213                    000292130000000000000109                     I0229213     20121800000000035003410000017N291018104700000000000102012180000000000000000000000000000000000000000100007281066716ZULMIRA DA SILVA RODRIGUES              RUA: BERNARDINO DE CAMPOSN 0, LOTE 8 QUAOLAVO BILAC 25035530DUQUE DE CAXIASRJUNIAO UMB DOS CULTOS AFRO BRAS    20121810 000088
10231987175000168817800093673    000029211                    000292110000000000000109                     I0229211     20121800000000035003410000017N291018104700000000000102012180000000000000000000000000000000000000000100007324399738JACANA MONTEIRO DO AMARAL               RUA MESQUITA N 573,                     SAO ROQUE   26310580QUEIMADOS      RJUNIAO UMB DOS CULTOS AFRO BRAS    20121810 000089
10231987175000168817800093673    000029210                    000292100000000000000109                     I0229210     20121800000000035003410000017N291018104700000000000102012180000000000000000000000000000000000000000100064817008768MARINEIDE JOSE DOS SANTOS DA S          RUA MARINGA  N 30, QUADRA 8 CASA 1      CAMORIM     26311100QUEIMADOS      RJUNIAO UMB DOS CULTOS AFRO BRAS    20121810 000090
10231987175000168817800093673    000029207                    000292070000000000000109                     I0229207     20121800000000035003410000017N291018104700000000000102012180000000000000000000000000000000000000000100000000000105ELZA DE AZEVEDO ALVES                   RUA CACEQUI N 436, APT 101 FUNDOS       BRAS DE PINA21210760RIO DE JANEIRO RJUNIAO UMB DOS CULTOS AFRO BRAS    20121810 000091
10231987175000168817800093673    000029206                    000292060000000000000109                     I0229206     20121800000000035003410000017N291018104700000000000102012180000000000000000000000000000000000000000100038268264772SANDRA NUNES DE ARAUJO                  RUA UBERABA N 15, VILA ROSARIO          BAIRRO DA GR25041060DUQUE DE CAXIASRJUNIAO UMB DOS CULTOS AFRO BRAS    20121810 000092
10231987175000168817800093673    000029205                    000292050000000000000109                     I0229205     20121800000000035003410000017N291018104700000000000102012180000000000000000000000000000000000000000100001087376750ALAN RICARDO DA CONCEICAO GAMA          ESTRADA: DOS BANDEIRANTES N 11227, AVENIVARGEM PEQUE22783116RIO DE JANEIRO RJUNIAO UMB DOS CULTOS AFRO BRAS    20121810 000093
10231987175000168817800093673    000029202                    000292020000000000000109                     I0229202     20121800000000035003410000017N291018104700000000000102012180000000000000000000000000000000000000000100003029004708ANDREA GUIMARAES MARTINS                RUA ANA CRISTINA N 31,                  VILA GUIMARA26088175NOVA IGUACU    RJUNIAO UMB DOS CULTOS AFRO BRAS    20121810 000094
10231987175000168817800093673    000029201                    000292010000000000000109                     I0229201     20121800000000035003410000017N291018104700000000000102012180000000000000000000000000000000000000000100004279924783EDUARDO CARVALHO DE SANTANNA            RUA CINCO N 778, CASA 2 AREA II         NOVA CAMPINA25268050DUQUE DE CAXIASRJUNIAO UMB DOS CULTOS AFRO BRAS    20121810 000095
10231987175000168817800093673    000029200                    000292000000000000000109                     I0229200     20121800000000035003410000017N291018104700000000000102012180000000000000000000000000000000000000000100049135570768CLEBER SILVA DE FREITAS                 RUA COBE N 1275,                        RIO DA PRATA21820200BANGU          RJUNIAO UMB DOS CULTOS AFRO BRAS    20121810 000096
10231987175000168817800093673    000029199                    000291990000000000000109                     I0229199     20121800000000035003410000017N291018104700000000000102012180000000000000000000000000000000000000000100065213696791SILVIA ELIZABETE RODRIGUES              RUA JOAO BITTENCOURTN 286,              EDSON PASSOS26240510MESQUITA       RJUNIAO UMB DOS CULTOS AFRO BRAS    20121810 000097
10231987175000168817800093673    000029198                    000291980000000000000109                     I0229198     20121800000000035003410000017N291018104700000000000102012180000000000000000000000000000000000000000100000000000807ELIZA DA SILVA                          RUA AMILTON NASCIMENTON 214,            CAROLINA    26012760NOVA IGUACU    RJUNIAO UMB DOS CULTOS AFRO BRAS    20121810 000098
10231987175000168817800093673    000029197                    000291970000000000000109                     I0229197     20121800000000035003410000017N291018104700000000000102012180000000000000000000000000000000000000000100041008154768ELISEU CAMARGO ARTHOU                   ESTRADA DO ENGENHO NOVO N 505, FUNDOS   ANCHIETA    21620241RIO DE JANEIRO RJUNIAO UMB DOS CULTOS AFRO BRAS    20121810 000099
10231987175000168817800093673    000029196                    000291960000000000000109                     I0229196     20121800000000035003410000017N291018104700000000000102012180000000000000000000000000000000000000000100086634402787ZILDA GIMENIZ NOGUEIRA                  RUA ESPIRITO SANTON 25,                 PRAIA LINDA 28940000SAO PEDRO DA ALRJUNIAO UMB DOS CULTOS AFRO BRAS    20121810 000100
10231987175000168817800093673    000029195                    000291950000000000000109                     I0229195     20121800000000035003410000017N291018104700000000000102012180000000000000000000000000000000000000000100003247266780JANILTON DA CRUZ ROCHA                  RUA ALUISIO AZEVEDON 0,  LOTE 27 QUADRA IMBARIE - PA25275360DUQUE DE CAXIASRJUNIAO UMB DOS CULTOS AFRO BRAS    20121810 000101
10231987175000168817800093673    000029194                    000291940000000000000109                     I0229194     20121800000000035003410000017N291018104700000000000102012180000000000000000000000000000000000000000100000000000000LUCIMAR FIGUEIREDO NASCIMENTO           RUA TAMANDUATEI N 215,                  CRUZEIRO DO 26012775NOVA IGUACU    RJUNIAO UMB DOS CULTOS AFRO BRAS    20121810 000102
10231987175000168817800093673    000029192                    000291920000000000000109                     I0229192     20121800000000035003410000017N291018104700000000000102012180000000000000000000000000000000000000000100078893739704DENISE QUEIROZ CARNEIRO                 ESTRADA DO LAMEIRAO - RUA PAINEIRASN 30,SANTISSIMO  23092031RIO DE JANEIRO RJUNIAO UMB DOS CULTOS AFRO BRAS    20121810 000103
10231987175000168817800093673    000029187                    000291870000000000000109                     I0229187     20121800000000035003410000017N291018104700000000000102012180000000000000000000000000000000000000000100007333127729FRANCISCA GONCALVES                     RUA PROJETADA C N 4, BECO FRANCA        ROLA - SANTA23520580RIO DE JANEIRO RJUNIAO UMB DOS CULTOS AFRO BRAS    20121810 000104
10231987175000168817800093673    000029184                    000291840000000000000109                     I0229184     20121800000000035003410000017N291018104700000000000102012180000000000000000000000000000000000000000100088831051768ELISETE MOREIRA DE OLIVEIRA             RUA JOSE MACHADON 55,                   IRAJA       21361360RIO DE JANEIRO RJUNIAO UMB DOS CULTOS AFRO BRAS    20121810 000105
10231987175000168817800093673    000029182                    000291820000000000000109                     I0229182     20121800000000035003410000017N291018104700000000000102012180000000000000000000000000000000000000000100024743216753VANDERLAN JOSE MARVAO                   AVENIDA SAMPAIO CORREIAN 502, BR 101    SANTA LUZIA 24722500SAO GONCALO    RJUNIAO UMB DOS CULTOS AFRO BRAS    20121810 000106
10231987175000168817800093673    000029181                    000291810000000000000109                     I0229181     20121800000000035003410000017N291018104700000000000102012180000000000000000000000000000000000000000100002036570712ANDREIA SANTANNA DO NASCIMENTO          RUA ARARIBOIAN 0, LOTE 20 QUADRA 49     VILAR DOS TE25570190SAO JOAO DE MERRJUNIAO UMB DOS CULTOS AFRO BRAS    20121810 000107
10231987175000168817800093673    000029179                    000291790000000000000109                     I0229179     20121800000000035003410000017N291018104700000000000102012180000000000000000000000000000000000000000100076103137774VICENTE DE PAULA PEREIRA                RUA POTINGUARAN 253,                    BOA ESPERANC26113720BELFORD ROXO   RJUNIAO UMB DOS CULTOS AFRO BRAS    20121810 000108
10231987175000168817800093673    000029171                    000291710000000000000109                     I0229171     20121800000000035003410000017N291018104700000000000102012180000000000000000000000000000000000000000100063441314700AMARA DE CARVALHO DANIEL                RUA FREDERICO LEALN 146, CASA 2         BANGU       21825110RIO DE JANEIRO RJUNIAO UMB DOS CULTOS AFRO BRAS    20121810 000109
10231987175000168817800093673    000029168                    000291680000000000000109                     I0229168     20121800000000035003410000017N291018104700000000000102012180000000000000000000000000000000000000000100089041950710ANA LUCIA GUIMARAES MOURA ALVE          RUA CARLOS ILIDRO N 189,                BANCARIOS - 21910160RIO DE JANEIRO RJUNIAO UMB DOS CULTOS AFRO BRAS    20121810 000110
10231987175000168817800093673    000029167                    000291670000000000000109                     I0229167     20121800000000035003410000017N291018104700000000000102012180000000000000000000000000000000000000000100015827814784THAYNAN ERNANDES DA SILVA PINH          RUA EXPEDICIONARIO AMERICO FERNANDESN 20RIO DO OURO 24752300SAO GONCALO    RJUNIAO UMB DOS CULTOS AFRO BRAS    20121810 000111
10231987175000168817800093673    000029163                    000291630000000000000109                     I0229163     20121800000000035003410000017N291018104700000000000102012180000000000000000000000000000000000000000100078980119704SERGIO LUIZ DE BRITO                    TRAVESSA BRANDAON 145, ENGENHOCA        BARRETO     24110636NITEROI        RJUNIAO UMB DOS CULTOS AFRO BRAS    20121810 000112
10231987175000168817800093673    000029158                    000291580000000000000109                     I0229158     20121800000000035003410000017N291018104700000000000102012180000000000000000000000000000000000000000100003537257732MARIA APARECIDA RISTICH MACHAD          RUA DIAS DA CRUZ N 923,                 MEIER       20720011RIO DE JANEIRO RJUNIAO UMB DOS CULTOS AFRO BRAS    20121810 000113
10231987175000168817800093673    000029157                    000291570000000000000109                     I0229157     20121800000000035003410000017N291018104700000000000102012180000000000000000000000000000000000000000100002309597767ELISETE DE SOUZA GOMES                  RUA CLEIDE TAVORA N 87, CASA 1          MONTE CASTEL26041145NOVA IGUACU    RJUNIAO UMB DOS CULTOS AFRO BRAS    20121810 000114
10231987175000168817800093673    000029155                    000291550000000000000109                     I0229155     20121800000000035003410000017N291018104700000000000102012180000000000000000000000000000000000000000100009408897730APARECIDA SILVA RIBEIRO                 RUA PEDRO TELLESN 566, CASA 4           CENTRO      25515003SAO JOAO DE MERRJUNIAO UMB DOS CULTOS AFRO BRAS    20121810 000115
10231987175000168817800093673    000029154                    000291540000000000000109                     I0229154     20121800000000035003410000017N291018104700000000000102012180000000000000000000000000000000000000000100092410480772JOSE LIMA DA SILVA                      RUA JURANDIR LIMAN 40,                  SANTA RITA -26051040NOVA IGUACU    RJUNIAO UMB DOS CULTOS AFRO BRAS    20121810 000116
10231987175000168817800093673    000029149                    000291490000000000000109                     I0229149     20121800000000035003410000017N291018104700000000000102012180000000000000000000000000000000000000000100000000000000VANIA MEDEIROS COUTINHO                 RUA TEREZAN 0, LOTE 4 QUADRA 4          PARQUE SUECI25245470BELFORD ROXO   RJUNIAO UMB DOS CULTOS AFRO BRAS    20121810 000117
10231987175000168817800093673    000029147                    000291470000000000000109                     I0229147     20121800000000035003410000017N291018104700000000000102012180000000000000000000000000000000000000000100000000000000DAVID MOREIRA DE MENDONCA               RUA GENERAL RENATO PIQUETN 0, LOTE 27 QUVILA PARAISO23825460ITAGUAI        RJUNIAO UMB DOS CULTOS AFRO BRAS    20121810 000118
10231987175000168817800093673    000029144                    000291440000000000000109                     I0229144     20121800000000040003410000017N291018104700000000000102012180000000000000000000000000000000000000000100000000000000JOSE AMERICO ELIAS DE MIRANDA           RUA JAIME MUNIZN 0,  LOTE 1 QUADRA 12   ITAUNA      24474070SAO GONCALO    RJUNIAO UMB DOS CULTOS AFRO BRAS    20121810 000119
10231987175000168817800093673    000029139                    000291390000000000000109                     I0229139     20121800000000035003410000017N291018104700000000000102012180000000000000000000000000000000000000000100018801293704NORMA RAMOS VIANNA                      AVENIDA PERNAMBUCANAN 1680,             VILA ROSALI 25510430SAO JOAO DE MERRJUNIAO UMB DOS CULTOS AFRO BRAS    20121810 000120
10231987175000168817800093673    000029137                    000291370000000000000109                     I0229137     20121800000000035003410000017N291018104700000000000102012180000000000000000000000000000000000000000100096143967768MARIA CANDIDA BRANDAO ALVES             RUA MARLICE EMANUELN 155,               JARDIM ALVOR26265230NOVA IGUACU    RJUNIAO UMB DOS CULTOS AFRO BRAS    20121810 000121
10231987175000168817800093673    000029136                    000291360000000000000109                     I0229136     20121800000000035003410000017N291018104700000000000102012180000000000000000000000000000000000000000100000000019700FATIMA APARECIDA AZEVEDO DE AL          RUA: VICENTE DE CARVALHO N 123,         BELFORD ROXO26165420RIO DE JANEIRO RJUNIAO UMB DOS CULTOS AFRO BRAS    20121810 000122
10231987175000168817800093673    000029134                    000291340000000000000109                     I0229134     20121800000000035003410000017N291018104700000000000102012180000000000000000000000000000000000000000100001272334740VALERIA MARIA MOREIRA                   RUA EUDINO EGGERN 70,                   JARDIM CATAR24717015SAO GONCALO    RJUNIAO UMB DOS CULTOS AFRO BRAS    20121810 000123
10231987175000168817800093673    000029133                    000291330000000000000109                     I0229133     20121800000000040003410000017N291018104700000000000102012180000000000000000000000000000000000000000100041006321772WALMIR DURANS LEAL                      RUA TUPACERETA N 0, LOTE 10 QUADRA 16   SAO BERNARDO26165200BELFORD ROXO   RJUNIAO UMB DOS CULTOS AFRO BRAS    20121810 000124
10231987175000168817800093673    000029129                    000291290000000000000109                     I0229129     20121800000000035003410000017N291018104700000000000102012180000000000000000000000000000000000000000100000000000000ROSINEIA MARTINS DE ARRUDA              RUA ALBERTO DE MELON 388,               COMENDADOR S26280310NOVA IGUACU    RJUNIAO UMB DOS CULTOS AFRO BRAS    20121810 000125
10231987175000168817800093673    000029128                    000291280000000000000109                     I0229128     20121800000000035003410000017N291018104700000000000102012180000000000000000000000000000000000000000100006980782762ALEX SANDRO INACIO DO NASCIMEN          TRAVESSA SAO TIAGO N 0, LOTE 17 QUADRA 3PARQUE SAO F26298686NOVA IGUACU    RJUNIAO UMB DOS CULTOS AFRO BRAS    20121810 000126
10231987175000168817800093673    000029127                    000291270000000000000109                     I0229127     20121800000000035003410000017N291018104700000000000102012180000000000000000000000000000000000000000100000000000000EDEVALDO NUNES                          RUA DO ROTEIRON 24,                     AUGUSTO VASC23012370RIO DE JANEIRO RJUNIAO UMB DOS CULTOS AFRO BRAS    20121810 000127
10231987175000168817800093673    000029123                    000291230000000000000109                     I0229123     20121800000000035003410000017N291018104700000000000102012180000000000000000000000000000000000000000100000000000686HILDA REGINA NICANOR DOS SANTO          RUA PASSO FUNDO - KM 35N 100, BOM JESUS JARDIM GUAND26298189NOVA IGUACU    RJUNIAO UMB DOS CULTOS AFRO BRAS    20121810 000128
10231987175000168817800093673    000029122                    000291220000000000000109                     I0229122     20121800000000035003410000017N291018104700000000000102012180000000000000000000000000000000000000000100007120562703JANETE RIBEIRO DE ALMEIDA               RUA MARIA TEREZA N 90,                  CABUCU      26347030NOVA IGUACU    RJUNIAO UMB DOS CULTOS AFRO BRAS    20121810 000129
10231987175000168817800093673    000029120                    000291200000000000000109                     I0229120     20121800000000035003410000017N291018104700000000000102012180000000000000000000000000000000000000000100008839877754DEISE CORREIA ALVES SILVA               PRACA FLAMENGO N 17,                    SANTA TEREZA25086090DUQUE DE CAXIASRJUNIAO UMB DOS CULTOS AFRO BRAS    20121810 000130
10231987175000168817800093673    000029119                    000291190000000000000109                     I0229119     20121800000000035003410000017N291018104700000000000102012180000000000000000000000000000000000000000100070421064749HELOIZA HELENA COSTA LIMA               RUA ALCINDO RAFAELN 148, MORRO AGUDO    ITAMARATI   26262060NOVA IGUACU    RJUNIAO UMB DOS CULTOS AFRO BRAS    20121810 000131
10231987175000168817800093673    000029116                    000291160000000000000109                     I0229116     20121800000000035003410000017N291018104700000000000102012180000000000000000000000000000000000000000100051398060704ELIZABETH MONTEIRO MOREIRA DA           RUA IBITINGAN 0, LOTE 1 QUADRA 3        PARQUE SAO B26167160BELFORD ROXO   RJUNIAO UMB DOS CULTOS AFRO BRAS    20121810 000132
10231987175000168817800093673    000029115                    000291150000000000000109                     I0229115     20121800000000035003410000017N291018104700000000000102012180000000000000000000000000000000000000000100071002782791ELIANE PIRES SOUZA                      RUA AMARUI N 441,                       HITERLAND   26115240BELFORD ROXO   RJUNIAO UMB DOS CULTOS AFRO BRAS    20121810 000133
10231987175000168817800093673    000029110                    000291100000000000000109                     I0229110     20121800000000035003410000017N291018104700000000000102012180000000000000000000000000000000000000000100084244224734JORGE MARCELO TINTEL                    RUA ANTONIO BRAGA FILHO N 160,          SEPETIBA    23530220RIO DE JANEIRO RJUNIAO UMB DOS CULTOS AFRO BRAS    20121810 000134
10231987175000168817800093673    000029106                    000291060000000000000109                     I0229106     20121800000000035003410000017N291018104700000000000102012180000000000000000000000000000000000000000100000000000657LUIZ CLAUDIO BATISTA REIS               RUA ANTONIO LOPES DOS SANTOS N 0, LOTE 2LARGO DA BAT24315384NITEROI        RJUNIAO UMB DOS CULTOS AFRO BRAS    20121810 000135
10231987175000168817800093673    000029105                    000291050000000000000109                     I0229105     20121800000000035003410000017N291018104700000000000102012180000000000000000000000000000000000000000100000684105730MARIA DARLI BARBOSA                     RUA DEPUTADO ULISSES GUIMARAES N 0, LOTEBRISAMAR    23826433ITAGUAI        RJUNIAO UMB DOS CULTOS AFRO BRAS    20121810 000136
10231987175000168817800093673    000029102                    000291020000000000000109                     I0229102     20121800000000035003410000017N291018104700000000000102012180000000000000000000000000000000000000000100000000000656GINO ZACARIAS DE JESUS                  RUA NOVEN 2, VILA GENI                  VILA GENI   23830010ITAGUAI        RJUNIAO UMB DOS CULTOS AFRO BRAS    20121810 000137
10231987175000168817800093673    000029100                    000291000000000000000109                     I0229100     20121800000000035003410000017N291018104700000000000102012180000000000000000000000000000000000000000100068331428749IVANILDA DOS SANTOS                     RUA RIBEIRAO DO SUL N 0, LOTE 7 QUADRA 2GUARATIBA   23026590RIO DE JANEIRO RJUNIAO UMB DOS CULTOS AFRO BRAS    20121810 000138
10231987175000168817800093673    000029099                    000290990000000000000109                     I0229099     20121800000000035003410000017N291018104700000000000102012180000000000000000000000000000000000000000100055055753749MARIA LUCIA BENJAMIN DE FREITA          RUA GONZAGA BASTOS N 209, BLOCO B APT 50TIJUCA      20541000RIO DE JANEIRO RJUNIAO UMB DOS CULTOS AFRO BRAS    20121810 000139
10231987175000168817800093673    000029097                    000290970000000000000109                     I0229097     20121800000000035003410000017N291018104700000000000102012180000000000000000000000000000000000000000100037345095720VERA LUCIA DA CRUZ NEVES                RUA RODRIGUES CAMPELO  N 54,            CAMPO GRANDE23017210RIO DE JANEIRO RJUNIAO UMB DOS CULTOS AFRO BRAS    20121810 000140
10231987175000168817800093673    000029094                    000290940000000000000109                     I0229094     20121800000000035003410000017N291018104700000000000102012180000000000000000000000000000000000000000100060818751720LUIZ CARLOS AMATE                       RUA ITABIRAN 343,                       BRAZ DE PINA21215310RIO DE JANEIRO RJUNIAO UMB DOS CULTOS AFRO BRAS    20121810 000141
10231987175000168817800093673    000029090                    000290900000000000000109                     I0229090     20121800000000035003410000017N291018104700000000000102012180000000000000000000000000000000000000000100000000000000CELIO DELDUQUE                          RUA DOMINGOS PIRES N 181, 183           PILARES     20750160RIO DE JANEIRO RJUNIAO UMB DOS CULTOS AFRO BRAS    20121810 000142
10231987175000168817800093673    000029088                    000290880000000000000109                     I0229088     20121800000000035003410000017N291018104700000000000102012180000000000000000000000000000000000000000100030341108715SUELENA DA SILVA MARTINS                RUA PAULO DE AQUINO N 27,               ANCHIETA    21645500RIO DE JANEIRO RJUNIAO UMB DOS CULTOS AFRO BRAS    20121810 000143
10231987175000168817800093673    000029087                    000290870000000000000109                     I0229087     20121800000000035003410000017N291018104700000000000102012180000000000000000000000000000000000000000100059135085720CELIA MARINHO VIEIRA                    RUA LOURIVAL ABREU SILVAN 565,          SULACAP     21745760RIO DE JANEIRO RJUNIAO UMB DOS CULTOS AFRO BRAS    20121810 000144
10231987175000168817800093673    000029086                    000290860000000000000109                     I0229086     20121800000000035003410000017N291018104700000000000102012180000000000000000000000000000000000000000100000000000000MARIA JOSE DOS SANTOS                   RUA JOSE MARIOZZI FILHON 990,           PRAIA DA BRI23028400RIO DE JANEIRO RJUNIAO UMB DOS CULTOS AFRO BRAS    20121810 000145
10231987175000168817800093673    000029083                    000290830000000000000109                     I0229083     20121800000000035003410000017N291018104700000000000102012180000000000000000000000000000000000000000100000000000000ROSEMERE THEODORO DA SILVA              BECO ECA DE QUEIROZ N 26,               VILA SANTO A25040355DUQUE DE CAXIASRJUNIAO UMB DOS CULTOS AFRO BRAS    20121810 000146
10231987175000168817800093673    000029081                    000290810000000000000109                     I0229081     20121800000000035003410000017N291018104700000000000102012180000000000000000000000000000000000000000100066198402720JORGE LUCIO                             AVENIDA DOS ITALIANOS N 936, BLOCO A   AROCHA MIRAND21510104RIO DE JANEIRO RJUNIAO UMB DOS CULTOS AFRO BRAS    20121810 000147
10231987175000168817800093673    000029074                    000290740000000000000109                     I0229074     20121800000000035003410000017N291018104700000000000102012180000000000000000000000000000000000000000100000000000509DENILZA THIMOTHEO ROZA                  RUA MARIO CARPENTER  N 309, ENTRADA A APPILARES     20755062RIO DE JANEIRO RJUNIAO UMB DOS CULTOS AFRO BRAS    20121810 000148
10231987175000168817800093673    000029072                    000290720000000000000109                     I0229072     20121800000000035003410000017N291018104700000000000102012180000000000000000000000000000000000000000100061293776734MARIA DE SOUZA                          AVENIDA BELO HORIZONTEN 271,            SAO GABRIEL 26021670NOVA IGUACU    RJUNIAO UMB DOS CULTOS AFRO BRAS    20121810 000149
10231987175000168817800093673    000029071                    000290710000000000000109                     I0229071     20121800000000035003410000017N291018104700000000000102012180000000000000000000000000000000000000000100053411200782ELZA MORAES DA SILVA                    RUA CARLOS PALUTN 592, BLOCO 2 APT 102  TAQUARA     22710310RIO DE JANEIRO RJUNIAO UMB DOS CULTOS AFRO BRAS    20121810 000150
10231987175000168817800093673    000029068                    000290680000000000000109                     I0229068     20121800000000035003410000017N291018104700000000000102012180000000000000000000000000000000000000000100000000000000DENISE DOS SANTOS OLIVEIRA              RUA BEZERRIL FONTENELE N 150,           IRAJA       21361640RIO DE JANEIRO RJUNIAO UMB DOS CULTOS AFRO BRAS    20121810 000151
10231987175000168817800093673    000029067                    000290670000000000000109                     I0229067     20121800000000035003410000017N291018104700000000000102012180000000000000000000000000000000000000000100066954371734ROBSON MESQUITA                         RUA TENENTE LUIZ DORNELESN 155,         PENHA       21070300RIO DE JANEIRO RJUNIAO UMB DOS CULTOS AFRO BRAS    20121810 000152
10231987175000168817800093673    000029063                    000290630000000000000109                     I0229063     20121800000000035003410000017N291018104700000000000102012180000000000000000000000000000000000000000100030995280720JOSE ANACLETO DE LIMA                   RUA FREDI EMANUEL N 144,                JARDIM JASMI26265110NOVA IGUACU    RJUNIAO UMB DOS CULTOS AFRO BRAS    20121810 000153
10231987175000168817800093673    000029062                    000290620000000000000109                     I0229062     20121800000000035003410000017N291018104700000000000102012180000000000000000000000000000000000000000100042533686700ENEDINA MALVINA DO NASCIMENTO           RUA CASTRO MENEZESN 591,                BRAS DE PINA21215250RIO DE JANEIRO RJUNIAO UMB DOS CULTOS AFRO BRAS    20121810 000154
10231987175000168817800093673    000029060                    000290600000000000000109                     I0229060     20121800000000035003410000017N291018104700000000000102012180000000000000000000000000000000000000000100050945653115KLEIDE LEMOS MENDONCA                   RUA COSTA FILHO N 133,                  MARECHAL HER21610570RIO DE JANEIRO RJUNIAO UMB DOS CULTOS AFRO BRAS    20121810 000155
10231987175000168817800093673    000029057                    000290570000000000000109                     I0229057     20121800000000035003410000017N291018104700000000000102012180000000000000000000000000000000000000000100070153124768VANDA MARIA DE PAULA                    RUA MARQUES CANARION 482, CASA 5        NOSSA SENHOR26520710NILOPOLIS      RJUNIAO UMB DOS CULTOS AFRO BRAS    20121810 000156
10231987175000168817800093673    000029056                    000290560000000000000109                     I0229056     20121800000000035003410000017N291018104700000000000102012180000000000000000000000000000000000000000100098456164704JUCEMAR DOS SANTOS ESTEVES              RUA ABEL DE ALVARENGA N 762,            CHATUBA     26585000MESQUITA       RJUNIAO UMB DOS CULTOS AFRO BRAS    20121810 000157
10231987175000168817800093673    000029055                    000290550000000000000109                     I0229055     20121800000000035003410000017N291018104700000000000102012180000000000000000000000000000000000000000100060495901768ANA CRISTINA PAVAO BARONI               RUA TAMANDUATEI N 197, FUNDOS           JARDIM TROPI26012775NOVA IGUACU    RJUNIAO UMB DOS CULTOS AFRO BRAS    20121810 000158
10231987175000168817800093673    000029054                    000290540000000000000109                     I0229054     20121800000000035003410000017N291018104700000000000102012180000000000000000000000000000000000000000100000903948796MARIA VILANY DE OLIVEIRA BIEGL          RUA D  N 0, LOTE 68 QUADRA 13           PARQUE SANTA25915000MAGE           RJUNIAO UMB DOS CULTOS AFRO BRAS    20121810 000159
10231987175000168817800093673    000029053                    000290530000000000000109                     I0229053     20121800000000035003410000017N291018104700000000000102012180000000000000000000000000000000000000000100000744455707VERA LUCIA CALIXTO DA SILVA             RUA MANUEL IGNACIO DA CRUZ N 257,       SANTO ANTONI27115410BARRA DO PIRAI RJUNIAO UMB DOS CULTOS AFRO BRAS    20121810 000160
10231987175000168817800093673    000029051                    000290510000000000000109                     I0229051     20121800000000035003410000017N291018104700000000000102012180000000000000000000000000000000000000000100033565708700MARLY DA SILVA UCHOA                    AVENIDA MINISTRO EDGARD ROMERON 597,  CAMADUREIRA   21360200RIO DE JANEIRO RJUNIAO UMB DOS CULTOS AFRO BRAS    20121810 000161
10231987175000168817800093673    000029048                    000290480000000000000109                     I0229048     20121800000000035003410000017N291018104700000000000102012180000000000000000000000000000000000000000100033434557768VALTER OLIVEIRA MAYRINCK                RUA SARGENTO OSMAR CLARO N 22,          AMAZONAS - C23075180RIO DE JANEIRO RJUNIAO UMB DOS CULTOS AFRO BRAS    20121810 000162
10231987175000168817800093673    000029046                    000290460000000000000109                     I0229046     20121800000000035003410000017N291018104700000000000102012180000000000000000000000000000000000000000100031569250715JORGE FRANCISCO SANTOS                  RUA EXPEDICIONARIO SEBASTIAO RIBEIRON 14COLUBANDE   24451710SAO GONCALO    RJUNIAO UMB DOS CULTOS AFRO BRAS    20121810 000163
10231987175000168817800093673    000029036                    000290360000000000000109                     I0229036     20121800000000035003410000017N291018104700000000000102012180000000000000000000000000000000000000000100000000000000MANOELLA MARIA DA CONCEICAO             RUA PIRES DO RION 928,                  EDEN        25540510SAO JOAO DE MERRJUNIAO UMB DOS CULTOS AFRO BRAS    20121810 000164
10231987175000168817800093673    000029034                    000290340000000000000109                     I0229034     20121800000000035003410000017N291018104700000000000102012180000000000000000000000000000000000000000100004247286722JANETE MAIA PIMENTA REZENDE             ALAMEDA  PASTORINHAS N 146,             PAVUNA      21521180RIO DE JANEIRO RJUNIAO UMB DOS CULTOS AFRO BRAS    20121810 000165
10231987175000168817800093673    000029033                    000290330000000000000109                     I0229033     20121800000000035003410000017N291018104700000000000102012180000000000000000000000000000000000000000100078991455700MARY LUCIA PEREIRA DA SILVA             RUA MONODORAN 95,                       GARDENIA AZU22765590RIO DE JANEIRO RJUNIAO UMB DOS CULTOS AFRO BRAS    20121810 000166
10231987175000168817800093673    000029032                    000290320000000000000109                     I0229032     20121800000000035003410000017N291018104700000000000102012180000000000000000000000000000000000000000100074624792734MARILZA COSTA FERREIRA                  RUA INHANDUIN 128,                      BENFICA     20930120RIO DE JANEIRO RJUNIAO UMB DOS CULTOS AFRO BRAS    20121810 000167
10231987175000168817800093673    000029031                    000290310000000000000109                     I0229031     20121800000000035003410000017N291018104700000000000102012180000000000000000000000000000000000000000100011039470793ZENY FILIPPE DE CASTRO                  RUA PROFESSOR PLINIO OLINDO N 102,      PADRE MIGUEL21860160RIO DE JANEIRO RJUNIAO UMB DOS CULTOS AFRO BRAS    20121810 000168
10231987175000168817800093673    000029030                    000290300000000000000109                     I0229030     20121800000000035003410000017N291018104700000000000102012180000000000000000000000000000000000000000100042799023720MARIA DAS DORES SANTOS                  ESTRADA DO AREAL N 4,                   BOA VISTA DA27165000BARRA DO PIRAI RJUNIAO UMB DOS CULTOS AFRO BRAS    20121810 000169
10231987175000168817800093673    000029028                    000290280000000000000109                     I0229028     20121800000000035003410000017N291018104700000000000102012180000000000000000000000000000000000000000100049720147768LEDA MARIA DOS SANTOS LEAL              RUA JOSE FIRMINO DE MELO N 247,         QUIMICA     27130360BARRA DO PIRAI RJUNIAO UMB DOS CULTOS AFRO BRAS    20121810 000170
10231987175000168817800093673    000029027                    000290270000000000000109                     I0229027     20121800000000035003410000017N291018104700000000000102012180000000000000000000000000000000000000000100000022042741ARACI AMELIA DA SILVA RIBEIRO           RUA: ALIPIO GOMES DOS SANTOS N 493,     JARDIM AMERI27340230BARRA DO PIRAI RJUNIAO UMB DOS CULTOS AFRO BRAS    20121810 000171
10231987175000168817800093673    000029025                    000290250000000000000109                     I0229025     20121800000000035003410000017N291018104700000000000102012180000000000000000000000000000000000000000100061185841768ELIZABETH CATARINA DE JESUS             RUA ALMIRANTE INGRAN 700,               BRAS DE PINA21210170RIO DE JANEIRO RJUNIAO UMB DOS CULTOS AFRO BRAS    20121810 000172
10231987175000168817800093673    000029022                    000290220000000000000109                     I0229022     20121800000000035003410000017N291018104700000000000102012180000000000000000000000000000000000000000100053768175715DAMIANA MARTINS DA SILVA                RUA ARABORI N 262,                      ROCHA MIRAND21545120RIO DE JANEIRO RJUNIAO UMB DOS CULTOS AFRO BRAS    20121810 000173
10231987175000168817800093673    000029021                    000290210000000000000109                     I0229021     20121800000000040003410000017N291018104700000000000102012180000000000000000000000000000000000000000100007463048705MARIA SILVIA DOS SANTOS LADEIR          RUA ACADEMICOSN 0, CASA 173             PIRATININGA 24350400NITEROI        RJUNIAO UMB DOS CULTOS AFRO BRAS    20121810 000174
10231987175000168817800093673    000029014                    000290140000000000000109                     I0229014     20121800000000035003410000017N291018104700000000000102012180000000000000000000000000000000000000000100000000000000REINALDO GONCALVES DA ROCHA             ESTRADA RODRIGUES CALDASN 3400, AVENIDA TAQUARA     22713375RIO DE JANEIRO RJUNIAO UMB DOS CULTOS AFRO BRAS    20121810 000175
10231987175000168817800093673    000029012                    000290120000000000000109                     I0229012     20121800000000035003410000017N291018104700000000000102012180000000000000000000000000000000000000000100000000000000IDINEIA RIBEIRO DE AZEVEDO              RUA VAZANTES N 14, FUNDOS               GUADALUPE   21660260RIO DE JANEIRO RJUNIAO UMB DOS CULTOS AFRO BRAS    20121810 000176
10231987175000168817800093673    000029011                    000290110000000000000109                     I0229011     20121800000000035003410000017N291018104700000000000102012180000000000000000000000000000000000000000100000000000061VERA REGINA GONCALVES                   RUA ANTONIO ALVESN 417,                 COSTA BARROS21650020RIO DE JANEIRO RJUNIAO UMB DOS CULTOS AFRO BRAS    20121810 000177
10231987175000168817800093673    000028989                    000289890000000000000109                     I0228989     20121800000000035003410000017N241018104700000000000102012180000000000000000000000000000000000000000100009483806755MARCO ANTONIO ATAIDE DE MELO            TRAVESSA MARAPEN 3, FUNDOS              COSTA BARROS21515240RIO DE JANEIRO RJUNIAO UMB DOS CULTOS AFRO BRAS    20121810 000178
10231987175000168817800093673    000028978                    000289780000000000000109                     I0228978     20121800000000035003410000017N221018104700000000000102012180000000000000000000000000000000000000000100001653081767DEISE SIQUEIRA                          RUA PARLON SIQUEIRA N 59, CX P 93       BARRA DE GUA23020510RIO DE JANEIRO RJUNIAO UMB DOS CULTOS AFRO BRAS    20121810 000179
10231987175000168817800093673    000028939                    000289390000000000000109                     I0228939     20121800000000400003410000017N141018104700000000000102012180000000000000000000000000000000000000000100009060523784MARTA ANJOS PEREIRA DO NASCIME          AVENIDA DOM HELDER CAMARAN 855, BLOCO 25BENFICA     20973011RIO DE JANEIRO RJUNIAO UMB DOS CULTOS AFRO BRAS    20121810 000180
10231987175000168817800093673    000028927                    000289270000000000000109                     I0228927     20121800000000035003410000017N111018104700000000000102012180000000000000000000000000000000000000000100018338577715MARILDA ALVES DE ALMEIDA                RUA BORBOREMA N 37,                     MADUREIRA   21360150RIO DE JANEIRO RJUNIAO UMB DOS CULTOS AFRO BRAS    20121810 000181
10231987175000168817800093673    000028923                    000289230000000000000109                     I0228923     20121800000000035003410000017N111018104700000000000102012180000000000000000000000000000000000000000100000633999709KATIA REGINA LEITE RAMOS                RUA GUIRATIM N 260,                     IRAJA       21371410RIO DE JANEIRO RJUNIAO UMB DOS CULTOS AFRO BRAS    20121810 000182
10231987175000168817800093673    000028917                    000289170000000000000109                     I0228917     20121800000000040003410000017N101018104700000000000102012180000000000000000000000000000000000000000100053387473753ALAN PINTO DE OLIVEIRA                  RUA: FRANCISCO FRAGOSO N 46, FRENTE     ENCANTADO   20745010RIO DE JANEIRO RJUNIAO UMB DOS CULTOS AFRO BRAS    20121810 000183
10231987175000168817800093673    000028907                    000289070000000000000109                     I0228907     20121800000000035003410000017N091018104700000000000102012180000000000000000000000000000000000000000100000330025767NUBIA VIRGINIA DE ANDRADE MAGA          RUA ADEMAR MOREIRA N 5,                 SANTA CRUZ  23573100RIO DE JANEIRO RJUNIAO UMB DOS CULTOS AFRO BRAS    20121810 000184
10231987175000168817800093673    000028884                    000288840000000000000109                     I0228884     04011900000000175003410000017N041018104700000000000100401190000000000000000000000000000000000000000100003351716729WAGNER CONCEICAO DO NASCIMENTO          RUA CRISANTEMOSN 152,  CASA 48 FRENTE   HITERLAND - 26171430BELFORD ROXO   RJUNIAO UMB DOS CULTOS AFRO BRAS    04011910 000185
10231987175000168817800093673    000028608                    000286080000000000000109                     I0228608     20121800000000040003410000017N300818104700000000000102012180000000000000000000000000000000000000000100001902241770JOSE RICARDO CORREA FERREIRA            RUA BIRIGUIN 4459,                      BOA VISTA   24466190SAO GONCALO    RJUNIAO UMB DOS CULTOS AFRO BRAS    20121810 000186
9                                                                                                                                                                                                                                                                                                                                                                                                         000187
