01REMESSA01COBRANCA       916200163100        União Umb dos Cultos Afro Bra341BANCO ITAU SA  280518                                                                                                                                                                                                                                                                                                      000001
10231987175000168916200163100    000021120                    000211200000000000000109                     I0121120     10061800000001200003410000017N280518104700000000000101006180000000000000000000000000000000000000000100012701486726MARIANA MAGALHAES DE C. J. I.           RUA: SALOMAO FILHO                      MARECHAL HER21331660RIO DE JANEIRO RJUNIAO UMB DOS CULTOS AFRO BRAS    10061810 000002
10231987175000168916200163100    000021119                    000211190000000000000109                     I0121119     10061800000000534903410000017N280518104700000000000101006180000000000000000000000000000000000000000100093728467791ALEX DE SOUZA MARTINS                   RUA: JOAO DANIEL                        BENTO RIBEIR21550480RIO DE JANEIRO RJUNIAO UMB DOS CULTOS AFRO BRAS    10061810 000003
10231987175000168916200163100    000021118                    000211180000000000000109                     I0121118     10061800000000420033410000017N280518104700000000000101006180000000000000000000000000000000000000000100068760680725ANNA LUCIA DE SOUZA                     RUA: JOAO DANIEL                        BENTO RIBEIR21550480RIO DE JANEIRO RJUNIAO UMB DOS CULTOS AFRO BRAS    10061810 000004
10231987175000168916200163100    000021117                    000211170000000000000109                     I0121117     10061800000000599903410000017N280518104700000000000101006180000000000000000000000000000000000000000100078566738772MARINA SOARES DA SILVA                  RUA: JOAO DANIEL                        BENTO RIBEIR21550480RIO DE JANEIRO RJUNIAO UMB DOS CULTOS AFRO BRAS    10061810 000005
10231987175000168916200163100    000021116                    000211160000000000000109                     I0121116     10061800000000300033410000017N280518104700000000000101006180000000000000000000000000000000000000000100068760680725ANNA LUCIA DE SOUZA                     RUA: JOAO DANIEL                        BENTO RIBEIR21550480RIO DE JANEIRO RJUNIAO UMB DOS CULTOS AFRO BRAS    10061810 000006
10231987175000168916200163100    000021115                    000211150000000000000109                     I0121115     10061800000000769903410000017N280518104700000000000101006180000000000000000000000000000000000000000100082228507768IARA LUCIA RIBEIRO QUINTINO             RUA: JOAO DANIEL                        BENTO RIBEIR21550480RIO DE JANEIRO RJUNIAO UMB DOS CULTOS AFRO BRAS    10061810 000007
10231987175000168916200163100    000021114                    000211140000000000000109                     I0121114     10061800000000578903410000017N280518104700000000000101006180000000000000000000000000000000000000000100007854516766NATALIE SILVA DE LIMA                   RUA: JOAO DANIEL                        BENTO RIBEIR21550480RIO DE JANEIRO RJUNIAO UMB DOS CULTOS AFRO BRAS    10061810 000008
10231987175000168916200163100    000021113                    000211130000000000000109                     I0121113     10061800000000734923410000017N280518104700000000000101006180000000000000000000000000000000000000000100001061174751SAMUEL ANTONIO TRINDADE                 RUA: ALCIDES MAIA                       BENTO RIBEIR21550560RIO DE JANEIRO RJUNIAO UMB DOS CULTOS AFRO BRAS    10061810 000009
10231987175000168916200163100    000021112                    000211120000000000000109                     I0121112     10061800000000749723410000017N280518104700000000000101006180000000000000000000000000000000000000000100000424410755ANA PAULA SILVA BARBOSA                 RUA: ALCIDES MAIA                       BENTO RIBEIR21550560RIO DE JANEIRO RJUNIAO UMB DOS CULTOS AFRO BRAS    10061810 000010
10231987175000168916200163100    000021111                    000211110000000000000109                     I0121111     10061800000000889873410000017N280518104700000000000101006180000000000000000000000000000000000000000100049547410768ROSELI DE SAO JOSE MOREIRA              RUA: ALCIDES MAIA                       BENTO RIBEIR21550560RIO DE JANEIRO RJUNIAO UMB DOS CULTOS AFRO BRAS    10061810 000011
10231987175000168916200163100    000021110                    000211100000000000000109                     I0121110     10061800000000834903410000017N280518104700000000000101006180000000000000000000000000000000000000000100013946879772ALDENI ALBENORA DA SILVA                RUA: JOAO DANIEL                        BENTO RIBEIR21550480RIO DE JANEIRO RJUNIAO UMB DOS CULTOS AFRO BRAS    10061810 000012
10231987175000168916200163100    000021109                    000211090000000000000109                     I0121109     10061800000000619913410000017N280518104700000000000101006180000000000000000000000000000000000000000100025937030753MANOEL GABRIEL DA SILVA                 RUA: ALCIDES MAIA                       BENTO RIBEIR21550560RIO DE JANEIRO RJUNIAO UMB DOS CULTOS AFRO BRAS    10061810 000013
10231987175000168916200163100    000021108                    000211080000000000000109                     I0121108     10061800000000833913410000017N280518104700000000000101006180000000000000000000000000000000000000000100099608421420NEHILTON ANTONIO DOS SANTOS             RUA: ALCIDES MAIA                       BENTO RIBEIR21550560RIO DE JANEIRO RJUNIAO UMB DOS CULTOS AFRO BRAS    10061810 000014
10231987175000168916200163100    000021107                    000211070000000000000109                     I3421107     31051800000000035003410000017N280518104700000000000103105180000000000000000000000000000000000000000100009057240700ILAN FERNANDES BRAZILEIRO               RUA NICARAGUA                           PARQUE HOTEL28970000ARARUAMA       RJUNIAO UMB DOS CULTOS AFRO BRAS    31051810 000015
10231987175000168916200163100    000021106                    000211060000000000000109                     I3421106     31051800000000035003410000017N280518104700000000000103105180000000000000000000000000000000000000000100009057240700ILAN FERNANDES BRAZILEIRO               RUA NICARAGUA                           PARQUE HOTEL28970000ARARUAMA       RJUNIAO UMB DOS CULTOS AFRO BRAS    31051810 000016
10231987175000168916200163100    000021105                    000211050000000000000109                     I0121105     30051800000000035003410000017N280518104700000000000103005180000000000000000000000000000000000000000100069052735700ROSANE MARQUES FERREIRA                 ESTRADA DO TINGUI N 2315 CASA 24        CAMPO GRANDE23075006RIO DE JANEIRO RJUNIAO UMB DOS CULTOS AFRO BRAS    30051810 000017
10231987175000168916200163100    000021104                    000211040000000000000109                     I0221104     31051800000000350003410000017N280518104700000000000103105180000000000000000000000000000000000000000100005851795735JOAO LUIZ DE OLIVEIRA MAGALHAE          RUA ANTONIO CARLOS PARANHOS             VILA VALQUEI21321340RIO DE JANEIRO RJUNIAO UMB DOS CULTOS AFRO BRAS    31051810 000018
10231987175000168916200163100    000021103                    000211030000000000000109                     I0121103     30081800000000035003410000017N280518104700000000000103008180000000000000000000000000000000000000000100093678754791ROSINETE MARIA DE OLIVEIRA              RUA ANGOLA N 24 - ANTIGA RUA 9          CAPIVARI    25145080DUQUE DE CAXIASRJUNIAO UMB DOS CULTOS AFRO BRAS    30081810 000019
10231987175000168916200163100    000021102                    000211020000000000000109                     I0121102     30071800000000035003410000017N280518104700000000000103007180000000000000000000000000000000000000000100093678754791ROSINETE MARIA DE OLIVEIRA              RUA ANGOLA N 24 - ANTIGA RUA 9          CAPIVARI    25145080DUQUE DE CAXIASRJUNIAO UMB DOS CULTOS AFRO BRAS    30071810 000020
10231987175000168916200163100    000021101                    000211010000000000000109                     I0121101     30061800000000035003410000017N280518104700000000000103006180000000000000000000000000000000000000000100093678754791ROSINETE MARIA DE OLIVEIRA              RUA ANGOLA N 24 - ANTIGA RUA 9          CAPIVARI    25145080DUQUE DE CAXIASRJUNIAO UMB DOS CULTOS AFRO BRAS    30061810 000021
10231987175000168916200163100    000021100                    000211000000000000000109                     I0121100     30081800000000035003410000017N280518104700000000000103008180000000000000000000000000000000000000000100001096953722CLAUDIA GUIMARAES                       ESTRADA GUANDU DO SENA - RUA 29         CAMPO GRANDE23091220RIO DE JANEIRO RJUNIAO UMB DOS CULTOS AFRO BRAS    30081810 000022
10231987175000168916200163100    000021099                    000210990000000000000109                     I0121099     30071800000000035003410000017N280518104700000000000103007180000000000000000000000000000000000000000100001096953722CLAUDIA GUIMARAES                       ESTRADA GUANDU DO SENA - RUA 29         CAMPO GRANDE23091220RIO DE JANEIRO RJUNIAO UMB DOS CULTOS AFRO BRAS    30071810 000023
10231987175000168916200163100    000021098                    000210980000000000000109                     I0121098     30061800000000035003410000017N280518104700000000000103006180000000000000000000000000000000000000000100001096953722CLAUDIA GUIMARAES                       ESTRADA GUANDU DO SENA - RUA 29         CAMPO GRANDE23091220RIO DE JANEIRO RJUNIAO UMB DOS CULTOS AFRO BRAS    30061810 000024
10231987175000168916200163100    000021097                    000210970000000000000109                     I0121097     30081800000000035003410000017N280518104700000000000103008180000000000000000000000000000000000000000100009289778709HELAINE FRANKLIN TEIXEIRA               RUA CACHOEIRA ALTA                      JARDIM MARAV23031070CAMPO GRANDE   RJUNIAO UMB DOS CULTOS AFRO BRAS    30081810 000025
10231987175000168916200163100    000021096                    000210960000000000000109                     I0121096     30071800000000035003410000017N280518104700000000000103007180000000000000000000000000000000000000000100009289778709HELAINE FRANKLIN TEIXEIRA               RUA CACHOEIRA ALTA                      JARDIM MARAV23031070CAMPO GRANDE   RJUNIAO UMB DOS CULTOS AFRO BRAS    30071810 000026
10231987175000168916200163100    000021095                    000210950000000000000109                     I0121095     30061800000000035003410000017N280518104700000000000103006180000000000000000000000000000000000000000100009289778709HELAINE FRANKLIN TEIXEIRA               RUA CACHOEIRA ALTA                      JARDIM MARAV23031070CAMPO GRANDE   RJUNIAO UMB DOS CULTOS AFRO BRAS    30061810 000027
10231987175000168916200163100    000021094                    000210940000000000000109                     I0121094     30081800000000035003410000017N280518104700000000000103008180000000000000000000000000000000000000000100069852219715GREIZI DE CARVALHO CARVALHAES           RUA BUENOS AIRES                        JARDIM PERNA26275390NOVA IGUACU    RJUNIAO UMB DOS CULTOS AFRO BRAS    30081810 000028
10231987175000168916200163100    000021093                    000210930000000000000109                     I0121093     30071800000000035003410000017N280518104700000000000103007180000000000000000000000000000000000000000100069852219715GREIZI DE CARVALHO CARVALHAES           RUA BUENOS AIRES                        JARDIM PERNA26275390NOVA IGUACU    RJUNIAO UMB DOS CULTOS AFRO BRAS    30071810 000029
10231987175000168916200163100    000021092                    000210920000000000000109                     I0121092     30061800000000035003410000017N280518104700000000000103006180000000000000000000000000000000000000000100069852219715GREIZI DE CARVALHO CARVALHAES           RUA BUENOS AIRES                        JARDIM PERNA26275390NOVA IGUACU    RJUNIAO UMB DOS CULTOS AFRO BRAS    30061810 000030
10231987175000168916200163100    000021091                    000210910000000000000109                     I0121091     30081800000000035003410000017N280518104700000000000103008180000000000000000000000000000000000000000100080091229715MARCO ANTONIO DE OLIVEIRA TEIX          RUA QUARENTA E UM                       JARDIM NOSSA23097260CAMPO GRANDE   RJUNIAO UMB DOS CULTOS AFRO BRAS    30081810 000031
10231987175000168916200163100    000021090                    000210900000000000000109                     I0121090     30071800000000035003410000017N280518104700000000000103007180000000000000000000000000000000000000000100080091229715MARCO ANTONIO DE OLIVEIRA TEIX          RUA QUARENTA E UM                       JARDIM NOSSA23097260CAMPO GRANDE   RJUNIAO UMB DOS CULTOS AFRO BRAS    30071810 000032
10231987175000168916200163100    000021089                    000210890000000000000109                     I0121089     29061800000000035003410000017N280518104700000000000102906180000000000000000000000000000000000000000100080091229715MARCO ANTONIO DE OLIVEIRA TEIX          RUA QUARENTA E UM                       JARDIM NOSSA23097260CAMPO GRANDE   RJUNIAO UMB DOS CULTOS AFRO BRAS    29061810 000033
10231987175000168916200163100    000021088                    000210880000000000000109                     I0121088     05061800000000200003410000017N270518104700000000000100506180000000000000000000000000000000000000000100003723310761RODRIGO CARDOSO DA CUNHA                EST: VELHA DE MARICA Nº 257 - BALDEADORNITEROI - RJ24140000NITEROI        RJUNIAO UMB DOS CULTOS AFRO BRAS    05061810 000034
10231987175000168916200163100    000021087                    000210870000000000000109                     I0121087     15061800000000175003410000017N270518104700000000000101506180000000000000000000000000000000000000000100058739920704ELISABETH DE OLIVEIRA LOUREDO           EST: COMANDANTE LUIZ SOUTO Nº 509 C/ 4DTANQUE - JAC22733040RIO DE JANEIRO RJUNIAO UMB DOS CULTOS AFRO BRAS    15061810 000035
10231987175000168916200163100    000021086                    000210860000000000000109                     I0121086     30051800000000080003410000017N250518104700000000000103005180000000000000000000000000000000000000000100004245577703FERNANDA MEDEIROS VIANA                 RUA TOROPI  LOTE 7 QUADRA 29 FUNDOS     HELIOPOLIS  26123380BELFORD ROXO   RJUNIAO UMB DOS CULTOS AFRO BRAS    30051810 000036
10231987175000168916200163100    000021085                    000210850000000000000109                     I0121085     30081800000000035003410000017N250518104700000000000103008180000000000000000000000000000000000000000100001902241770JOSE RICARDO CORREA FERREIRA            RUA ALVARO LINS 174 CASA 2              TRIBOBO - SA24750590SAO GONCALO    RJUNIAO UMB DOS CULTOS AFRO BRAS    30081810 000037
10231987175000168916200163100    000021084                    000210840000000000000109                     I0121084     30071800000000035003410000017N250518104700000000000103007180000000000000000000000000000000000000000100001902241770JOSE RICARDO CORREA FERREIRA            RUA ALVARO LINS 174 CASA 2              TRIBOBO - SA24750590SAO GONCALO    RJUNIAO UMB DOS CULTOS AFRO BRAS    30071810 000038
10231987175000168916200163100    000021083                    000210830000000000000109                     I0121083     30061800000000035003410000017N250518104700000000000103006180000000000000000000000000000000000000000100001902241770JOSE RICARDO CORREA FERREIRA            RUA ALVARO LINS 174 CASA 2              TRIBOBO - SA24750590SAO GONCALO    RJUNIAO UMB DOS CULTOS AFRO BRAS    30061810 000039
10231987175000168916200163100    000021082                    000210820000000000000109                     I0121082     30081800000000035003410000017N250518104700000000000103008180000000000000000000000000000000000000000100002379534713ALEX EVANDRO CORREIA PETITINGA          RUA CARDOSO QUINTAO, 40                 PIEDADE - RJ21381460RIO DE JANEIRO RJUNIAO UMB DOS CULTOS AFRO BRAS    30081810 000040
10231987175000168916200163100    000021081                    000210810000000000000109                     I0121081     30071800000000035003410000017N250518104700000000000103007180000000000000000000000000000000000000000100002379534713ALEX EVANDRO CORREIA PETITINGA          RUA CARDOSO QUINTAO, 40                 PIEDADE - RJ21381460RIO DE JANEIRO RJUNIAO UMB DOS CULTOS AFRO BRAS    30071810 000041
10231987175000168916200163100    000021080                    000210800000000000000109                     I0121080     30061800000000035003410000017N250518104700000000000103006180000000000000000000000000000000000000000100002379534713ALEX EVANDRO CORREIA PETITINGA          RUA CARDOSO QUINTAO, 40                 PIEDADE - RJ21381460RIO DE JANEIRO RJUNIAO UMB DOS CULTOS AFRO BRAS    30061810 000042
10231987175000168916200163100    000021079                    000210790000000000000109                     I0121079     30081800000000035003410000017N250518104700000000000103008180000000000000000000000000000000000000000100005363118700VALDECI LIMA DA COSTA                   O MESMO                                 O MESMO     21210420RIO DE JANEIRO RJUNIAO UMB DOS CULTOS AFRO BRAS    30081810 000043
10231987175000168916200163100    000021078                    000210780000000000000109                     I0121078     30071800000000035003410000017N250518104700000000000103007180000000000000000000000000000000000000000100005363118700VALDECI LIMA DA COSTA                   O MESMO                                 O MESMO     21210420RIO DE JANEIRO RJUNIAO UMB DOS CULTOS AFRO BRAS    30071810 000044
10231987175000168916200163100    000021077                    000210770000000000000109                     I0121077     30061800000000035003410000017N250518104700000000000103006180000000000000000000000000000000000000000100005363118700VALDECI LIMA DA COSTA                   O MESMO                                 O MESMO     21210420RIO DE JANEIRO RJUNIAO UMB DOS CULTOS AFRO BRAS    30061810 000045
10231987175000168916200163100    000021076                    000210760000000000000109                     I0121076     30081800000000035003410000017N250518104700000000000103008180000000000000000000000000000000000000000100000000010960DENISE DOS SANTOS OLIVEIRA              MESMO                                   MESMO       26335430RIO DE JANEIRO RJUNIAO UMB DOS CULTOS AFRO BRAS    30081810 000046
10231987175000168916200163100    000021075                    000210750000000000000109                     I0121075     30071800000000035003410000017N250518104700000000000103007180000000000000000000000000000000000000000100000000010960DENISE DOS SANTOS OLIVEIRA              MESMO                                   MESMO       26335430RIO DE JANEIRO RJUNIAO UMB DOS CULTOS AFRO BRAS    30071810 000047
10231987175000168916200163100    000021074                    000210740000000000000109                     I0121074     30061800000000035003410000017N250518104700000000000103006180000000000000000000000000000000000000000100000000010960DENISE DOS SANTOS OLIVEIRA              MESMO                                   MESMO       26335430RIO DE JANEIRO RJUNIAO UMB DOS CULTOS AFRO BRAS    30061810 000048
10231987175000168916200163100    000021073                    000210730000000000000109                     I0121073     30051800000000070003410000017N250518104700000000000103005180000000000000000000000000000000000000000100074171372704ELIANE DE SOUZA MACHADO                 RUA ROQUETE PINTO LOTE 22 QUADRA 290 CASJARDIM ANHAN25265200DUQUE DE CAXIASRJUNIAO UMB DOS CULTOS AFRO BRAS    30051810 000049
10231987175000168916200163100    000021072                    000210720000000000000109                     I0121072     30051800000000035003410000017N250518104700000000000103005180000000000000000000000000000000000000000100009483806755MARCO ANTONIO ATAIDE DE MELO            TRAVESSA MARAPE N 3 FUNDOS              COSTA BARROS21515240RIO DE JANEIRO RJUNIAO UMB DOS CULTOS AFRO BRAS    30051810 000050
10231987175000168916200163100    000021071                    000210710000000000000109                     I0121071     10071800000000129003410000017N250518104700000000000101007180000000000000000000000000000000000000000100058183868720ZILDA SIMOES DO NASCIMENTO MAN          RUA IBITINGA N 31 LOTE 9                PARQUE SAO B26167160BELFORD ROXO   RJUNIAO UMB DOS CULTOS AFRO BRAS    10071810 000051
10231987175000168916200163100    000021070                    000210700000000000000109                     I0121070     10071800000000129003410000017N250518104700000000000101007180000000000000000000000000000000000000000100058183868720ZILDA SIMOES DO NASCIMENTO MAN          RUA IBITINGA N 31 LOTE 9                PARQUE SAO B26167160BELFORD ROXO   RJUNIAO UMB DOS CULTOS AFRO BRAS    10071810 000052
10231987175000168916200163100    000021069                    000210690000000000000109                     I0121069     10061800000000129003410000017N250518104700000000000101006180000000000000000000000000000000000000000100058183868720ZILDA SIMOES DO NASCIMENTO MAN          RUA IBITINGA N 31 LOTE 9                PARQUE SAO B26167160BELFORD ROXO   RJUNIAO UMB DOS CULTOS AFRO BRAS    10061810 000053
10231987175000168916200163100    000021068                    000210680000000000000109                     I0121068     05061800000000385003410000017N250518104700000000000100506180000000000000000000000000000000000000000100014708764774ADILSON CARNEIRO PINTO                  R JUREMA 49                             GUARATIBA   23035380RIO DE JANEIRO RJUNIAO UMB DOS CULTOS AFRO BRAS    05061810 000054
10231987175000168916200163100    000021024                    000210240000000000000109                     I3421024     30081800000000035003410000017N210518104700000000000103008180000000000000000000000000000000000000000100003443839703ANDERSON FERNANDES DE PAIVA             RUA JUDITE GUERRA                       PAVUNA      21520260RIO DE JANEIRO RJUNIAO UMB DOS CULTOS AFRO BRAS    30081810 000055
10231987175000168916200163100    000021023                    000210230000000000000109                     I3421023     30071800000000035003410000017N210518104700000000000103007180000000000000000000000000000000000000000100003443839703ANDERSON FERNANDES DE PAIVA             RUA JUDITE GUERRA                       PAVUNA      21520260RIO DE JANEIRO RJUNIAO UMB DOS CULTOS AFRO BRAS    30071810 000056
10231987175000168916200163100    000021022                    000210220000000000000109                     I3421022     30061800000000035003410000017N210518104700000000000103006180000000000000000000000000000000000000000100003443839703ANDERSON FERNANDES DE PAIVA             RUA JUDITE GUERRA                       PAVUNA      21520260RIO DE JANEIRO RJUNIAO UMB DOS CULTOS AFRO BRAS    30061810 000057
10231987175000168916200163100    000020953                    000209530000000000000109                     I0220953     30081800000000035003410000017N100518104700000000000103008180000000000000000000000000000000000000000100010520857763MARCELO ANTONIO PIMENTA                 RUA ITUMIRIM, 25                        GUARATIBA - 23033270RIO DE JANEIRO RJUNIAO UMB DOS CULTOS AFRO BRAS    30081810 000058
10231987175000168916200163100    000020952                    000209520000000000000109                     I0220952     30071800000000035003410000017N100518104700000000000103007180000000000000000000000000000000000000000100010520857763MARCELO ANTONIO PIMENTA                 RUA ITUMIRIM, 25                        GUARATIBA - 23033270RIO DE JANEIRO RJUNIAO UMB DOS CULTOS AFRO BRAS    30071810 000059
10231987175000168916200163100    000020951                    000209510000000000000109                     I0220951     30061800000000035003410000017N100518104700000000000103006180000000000000000000000000000000000000000100010520857763MARCELO ANTONIO PIMENTA                 RUA ITUMIRIM, 25                        GUARATIBA - 23033270RIO DE JANEIRO RJUNIAO UMB DOS CULTOS AFRO BRAS    30061810 000060
10231987175000168916200163100    000020926                    000209260000000000000109                     I0220926     30081800000000035003410000017N100518104700000000000103008180000000000000000000000000000000000000000200000000002142JORGE PAIXAO MESQUITA ROSA              ESTRADA: DO GUANDU DO SENA LOTE 12 QUADRJARDIM NOSSA23097220RIO DE JANEIRO RJUNIAO UMB DOS CULTOS AFRO BRAS    30081810 000061
10231987175000168916200163100    000020925                    000209250000000000000109                     I0220925     30061800000000035003410000017N100518104700000000000103006180000000000000000000000000000000000000000200000000002142JORGE PAIXAO MESQUITA ROSA              ESTRADA: DO GUANDU DO SENA LOTE 12 QUADRJARDIM NOSSA23097220RIO DE JANEIRO RJUNIAO UMB DOS CULTOS AFRO BRAS    30061810 000062
10231987175000168916200163100    000020924                    000209240000000000000109                     I0220924     30071800000000035003410000017N100518104700000000000103007180000000000000000000000000000000000000000200000000002142JORGE PAIXAO MESQUITA ROSA              ESTRADA: DO GUANDU DO SENA LOTE 12 QUADRJARDIM NOSSA23097220RIO DE JANEIRO RJUNIAO UMB DOS CULTOS AFRO BRAS    30071810 000063
10231987175000168916200163100    000020852                    000208520000000000000109                     I0220852     30081800000000035003410000017N090518104700000000000103008180000000000000000000000000000000000000000100002596126770ANA CRISTINA DA CRUZ                    RUA BURITIZAL SN QUADRA 42 LOTE 1       SEPETIBA    23545100RIO DE JANEIRO RJUNIAO UMB DOS CULTOS AFRO BRAS    30081810 000064
10231987175000168916200163100    000020851                    000208510000000000000109                     I0220851     30071800000000035003410000017N090518104700000000000103007180000000000000000000000000000000000000000100002596126770ANA CRISTINA DA CRUZ                    RUA BURITIZAL SN QUADRA 42 LOTE 1       SEPETIBA    23545100RIO DE JANEIRO RJUNIAO UMB DOS CULTOS AFRO BRAS    30071810 000065
10231987175000168916200163100    000020850                    000208500000000000000109                     I0220850     30061800000000035003410000017N090518104700000000000103006180000000000000000000000000000000000000000100002596126770ANA CRISTINA DA CRUZ                    RUA BURITIZAL SN QUADRA 42 LOTE 1       SEPETIBA    23545100RIO DE JANEIRO RJUNIAO UMB DOS CULTOS AFRO BRAS    30061810 000066
10231987175000168916200163100    000020333                    000203330000000000000109                     I3420333     30081800000000035003410000017N070518104700000000000103008180000000000000000000000000000000000000000100083765778753MARCIA REGINA NUNES DA SILVA            RUA AXUA, 227 CASA 16                   TAQUARA - JA22713515RIO DE JANEIRO RJUNIAO UMB DOS CULTOS AFRO BRAS    30081810 000067
10231987175000168916200163100    000019948                    000199480000000000000109                     I0219948     30081800000000035003410000017N070518104700000000000103008180000000000000000000000000000000000000000100001876672765AGUIMAR FERREIRA PIRES                  TRAVESSA JURANIC 26                     CAMARAO - SA24435080SAO GONCALO    RJUNIAO UMB DOS CULTOS AFRO BRAS    30081810 000068
10231987175000168916200163100    000019825                    000198250000000000000109                     I3419825     30081800000000035003410000017N070518104700000000000103008180000000000000000000000000000000000000000100002735190773EDIVAN FARIAS DA SILVA                  RUA EDNA MEDEIROS, 69 - JARDIM MARILICE CORUMBA - NO26042430NOVA IGUACU    RJUNIAO UMB DOS CULTOS AFRO BRAS    30081810 000069
10231987175000168916200163100    000018763                    000187630000000000000109                     I3418763     30071800000000035003410000017N070518104700000000000103007180000000000000000000000000000000000000000100083765778753MARCIA REGINA NUNES DA SILVA            RUA AXUA, 227 CASA 16                   TAQUARA - JA22713515RIO DE JANEIRO RJUNIAO UMB DOS CULTOS AFRO BRAS    30071810 000070
10231987175000168916200163100    000018378                    000183780000000000000109                     I0218378     30071800000000035003410000017N070518104700000000000103007180000000000000000000000000000000000000000100001876672765AGUIMAR FERREIRA PIRES                  TRAVESSA JURANIC 26                     CAMARAO - SA24435080SAO GONCALO    RJUNIAO UMB DOS CULTOS AFRO BRAS    30071810 000071
10231987175000168916200163100    000018255                    000182550000000000000109                     I3418255     30071800000000035003410000017N070518104700000000000103007180000000000000000000000000000000000000000100002735190773EDIVAN FARIAS DA SILVA                  RUA EDNA MEDEIROS, 69 - JARDIM MARILICE CORUMBA - NO26042430NOVA IGUACU    RJUNIAO UMB DOS CULTOS AFRO BRAS    30071810 000072
10231987175000168916200163100    000015573                    000155730000000000000109                     I3415573     30061800000000035003410000017N070518104700000000000103006180000000000000000000000000000000000000000100083765778753MARCIA REGINA NUNES DA SILVA            RUA AXUA, 227 CASA 16                   TAQUARA - JA22713515RIO DE JANEIRO RJUNIAO UMB DOS CULTOS AFRO BRAS    30061810 000073
10231987175000168916200163100    000015230                    000152300000000000000109                     I3415230     30061800000000035003410000017N070518104700000000000103006180000000000000000000000000000000000000000100011297806786THIAGO PEREIRA DE BRITO                 RUA SAO JANUARIO                        NITEROI     24130386NITEROI        RJUNIAO UMB DOS CULTOS AFRO BRAS    30061810 000074
10231987175000168916200163100    000015189                    000151890000000000000109                     I0215189     30061800000000035003410000017N070518104700000000000103006180000000000000000000000000000000000000000100001876672765AGUIMAR FERREIRA PIRES                  TRAVESSA JURANIC 26                     CAMARAO - SA24435080SAO GONCALO    RJUNIAO UMB DOS CULTOS AFRO BRAS    30061810 000075
10231987175000168916200163100    000015066                    000150660000000000000109                     I3415066     30061800000000035003410000017N070518104700000000000103006180000000000000000000000000000000000000000100002735190773EDIVAN FARIAS DA SILVA                  RUA EDNA MEDEIROS, 69 - JARDIM MARILICE CORUMBA - NO26042430NOVA IGUACU    RJUNIAO UMB DOS CULTOS AFRO BRAS    30061810 000076
10231987175000168916200163100    000014362                    000143620000000000000109                     I3414362     13041800000000070003410000017N100418104700000000000101304180000000000000000000000000000000000000000100074171372704ELIANE DE SOUZA MACHADO                 RUA ROQUETE PINTO LOTE 22 QUADRA 290 CASJARDIM ANHAN25265200DUQUE DE CAXIASRJUNIAO UMB DOS CULTOS AFRO BRAS    13041810 000077
10231987175000168916200163100    000014065                    000140650000000000000109                     I0214065     05031800000000035003410000017N260218104700000000000100503180000000000000000000000000000000000000000100040215326768ANTONIO JOAQUIM DOS SANTOS FIL          RUA SAO FRANCISCO, 137 - CANTO DO RIO   SEROPEDICA -23890000RIO DE JANEIRO RJUNIAO UMB DOS CULTOS AFRO BRAS    05031810 000078
10231987175000168916200163100    000014040                    000140400000000000000109                     I3414040     30051800000000035003410000017N260218104700000000000103005180000000000000000000000000000000000000000100079096611772MARIO LUIZ BARRETO DE BARROS            RUA GRAVATA, 215                        MARECHAL HER21610510RIO DE JANEIRO RJUNIAO UMB DOS CULTOS AFRO BRAS    30051810 000079
10231987175000168916200163100    000014039                    000140390000000000000109                     I3414039     30041800000000035003410000017N260218104700000000000103004180000000000000000000000000000000000000000100079096611772MARIO LUIZ BARRETO DE BARROS            RUA GRAVATA, 215                        MARECHAL HER21610510RIO DE JANEIRO RJUNIAO UMB DOS CULTOS AFRO BRAS    30041810 000080
10231987175000168916200163100    000014013                    000140130000000000000109                     I0214013     30051800000000035003410000017N230218104700000000000103005180000000000000000000000000000000000000000100010520857763MARCELO ANTONIO PIMENTA                 RUA ITUMIRIM, 25                        GUARATIBA - 23033270RIO DE JANEIRO RJUNIAO UMB DOS CULTOS AFRO BRAS    30051810 000081
10231987175000168916200163100    00002754                     000027540000000000000109                     I342754      31121700000000035003410000017N131117104700000000000103112170000000000000000000000000000000000000000100083765778753MARCIA REGINA NUNES DA SILVA            RUA AXUA, 227 CASA 16                   TAQUARA - JA22713515RIO DE JANEIRO RJUNIAO UMB DOS CULTOS AFRO BRAS    31121710 000082
10231987175000168916200163100    00002662                     000026620000000000000109                     I022662      31121700000000035003410000017N131117104700000000000103112170000000000000000000000000000000000000000100014324870780ANDREY SANTOS ESTEVES                   RUA GENERAL SEZEFREDO, 7 - REALENGO     REALENGO/RJ 21715060RIO DE JANEIRO RJUNIAO UMB DOS CULTOS AFRO BRAS    31121710 000083
10231987175000168916200163100    00001849                     000018490000000000000109                     I021849      31121700000000035003410000017N131117104700000000000103112170000000000000000000000000000000000000000100058739920704ELISABETH DE OLIVEIRA LOUREDO           EST: COMANDANTE LUIZ SOUTO Nº 509 C/ 4DTANQUE - JAC22733040RIO DE JANEIRO RJUNIAO UMB DOS CULTOS AFRO BRAS    31121710 000084
9                                                                                                                                                                                                                                                                                                                                                                                                         000085
