01REMESSA01COBRANCA       916200163100        União Umb dos Cultos Afro Bra341BANCO ITAU SA  290318                                                                                                                                                                                                                                                                                                      000001
10231987175000168916200163100    000014293                    000142930000000000000109                     I0214293     30031800000000035003410000017N290318104700000000000103003180000000000000000000000000000000000000000100005851795735JOAO LUIZ DE OLIVEIRA MAGALHAE          RUA ANTONIO CARLOS PARANHOS             VILA VALQUEI21321340RIO DE JANEIRO RJUNIAO UMB DOS CULTOS AFRO BRAS    30031810 000002
10231987175000168916200163100    000014292                    000142920000000000000109                     I0114292     10041800000001200003410000017N290318104700000000000101004180000000000000000000000000000000000000000100012701486726MARIANA MAGALHAES DE C. J. I.           RUA: SALOMAO FILHO                      MARECHAL HER21331660RIO DE JANEIRO RJUNIAO UMB DOS CULTOS AFRO BRAS    10041810 000003
10231987175000168916200163100    000014291                    000142910000000000000109                     I0114291     10041800000000520423410000017N290318104700000000000101004180000000000000000000000000000000000000000100093728467791ALEX DE SOUZA MARTINS                   RUA: JOAO DANIEL                        BENTO RIBEIR21550480RIO DE JANEIRO RJUNIAO UMB DOS CULTOS AFRO BRAS    10041810 000004
10231987175000168916200163100    000014290                    000142900000000000000109                     I0114290     10041800000000419873410000017N290318104700000000000101004180000000000000000000000000000000000000000100068760680725ANNA LUCIA DE SOUZA                     RUA: JOAO DANIEL                        BENTO RIBEIR21550480RIO DE JANEIRO RJUNIAO UMB DOS CULTOS AFRO BRAS    10041810 000005
10231987175000168916200163100    000014289                    000142890000000000000109                     I0114289     10041800000000602553410000017N290318104700000000000101004180000000000000000000000000000000000000000100078566738772MARINA SOARES DA SILVA                  RUA: JOAO DANIEL                        BENTO RIBEIR21550480RIO DE JANEIRO RJUNIAO UMB DOS CULTOS AFRO BRAS    10041810 000006
10231987175000168916200163100    000014288                    000142880000000000000109                     I0114288     10041800000000299873410000017N290318104700000000000101004180000000000000000000000000000000000000000100068760680725ANNA LUCIA DE SOUZA                     RUA: JOAO DANIEL                        BENTO RIBEIR21550480RIO DE JANEIRO RJUNIAO UMB DOS CULTOS AFRO BRAS    10041810 000007
10231987175000168916200163100    000014287                    000142870000000000000109                     I0114287     10041800000000772553410000017N290318104700000000000101004180000000000000000000000000000000000000000100082228507768IARA LUCIA RIBEIRO QUINTINO             RUA: JOAO DANIEL                        BENTO RIBEIR21550480RIO DE JANEIRO RJUNIAO UMB DOS CULTOS AFRO BRAS    10041810 000008
10231987175000168916200163100    000014286                    000142860000000000000109                     I0114286     10041800000000581553410000017N290318104700000000000101004180000000000000000000000000000000000000000100007854516766NATALIE SILVA DE LIMA                   RUA: JOAO DANIEL                        BENTO RIBEIR21550480RIO DE JANEIRO RJUNIAO UMB DOS CULTOS AFRO BRAS    10041810 000009
10231987175000168916200163100    000014285                    000142850000000000000109                     I0114285     10041800000000432273410000017N290318104700000000000101004180000000000000000000000000000000000000000100001061174751SAMUEL ANTONIO TRINDADE                 RUA: ALCIDES MAIA                       BENTO RIBEIR21550560RIO DE JANEIRO RJUNIAO UMB DOS CULTOS AFRO BRAS    10041810 000010
10231987175000168916200163100    000014284                    000142840000000000000109                     I0114284     10041800000000762703410000017N290318104700000000000101004180000000000000000000000000000000000000000100000424410755ANA PAULA SILVA BARBOSA                 RUA: ALCIDES MAIA                       BENTO RIBEIR21550560RIO DE JANEIRO RJUNIAO UMB DOS CULTOS AFRO BRAS    10041810 000011
10231987175000168916200163100    000014283                    000142830000000000000109                     I0114283     10041800000000898853410000017N290318104700000000000101004180000000000000000000000000000000000000000100049547410768ROSELI DE SAO JOSE MOREIRA              RUA: ALCIDES MAIA                       BENTO RIBEIR21550560RIO DE JANEIRO RJUNIAO UMB DOS CULTOS AFRO BRAS    10041810 000012
10231987175000168916200163100    000014282                    000142820000000000000109                     I0114282     10041800000000837553410000017N290318104700000000000101004180000000000000000000000000000000000000000100013946879772ALDENI ALBENORA DA SILVA                RUA: JOAO DANIEL                        BENTO RIBEIR21550480RIO DE JANEIRO RJUNIAO UMB DOS CULTOS AFRO BRAS    10041810 000013
10231987175000168916200163100    000014281                    000142810000000000000109                     I0114281     10041800000000632903410000017N290318104700000000000101004180000000000000000000000000000000000000000100025937030753MANOEL GABRIEL DA SILVA                 RUA: ALCIDES MAIA                       BENTO RIBEIR21550560RIO DE JANEIRO RJUNIAO UMB DOS CULTOS AFRO BRAS    10041810 000014
10231987175000168916200163100    000014280                    000142800000000000000109                     I0114280     10041800000000492283410000017N290318104700000000000101004180000000000000000000000000000000000000000100099608421420NEHILTON ANTONIO DOS SANTOS             RUA: ALCIDES MAIA                       BENTO RIBEIR21550560RIO DE JANEIRO RJUNIAO UMB DOS CULTOS AFRO BRAS    10041810 000015
10231987175000168916200163100    000014279                    000142790000000000000109                     I0114279     30051800000000035003410000017N290318104700000000000103005180000000000000000000000000000000000000000100000000007532CARLOS MURILO CARDOSO DE CARVA          O MESMO                                 O MESMO     24730002SAO GONCALO    RJUNIAO UMB DOS CULTOS AFRO BRAS    30051810 000016
10231987175000168916200163100    000014278                    000142780000000000000109                     I0114278     30041800000000035003410000017N290318104700000000000103004180000000000000000000000000000000000000000100000000007532CARLOS MURILO CARDOSO DE CARVA          O MESMO                                 O MESMO     24730002SAO GONCALO    RJUNIAO UMB DOS CULTOS AFRO BRAS    30041810 000017
10231987175000168916200163100    000014277                    000142770000000000000109                     I0114277     30051800000000035003410000017N280318104700000000000103005180000000000000000000000000000000000000000100000000003806INALVA LAZARO DRUMOND                   AVENIDA MARECHAL RONDON, 2117           RIACHUELO  -20950071RIO DE JANEIRO RJUNIAO UMB DOS CULTOS AFRO BRAS    30051810 000018
10231987175000168916200163100    000014276                    000142760000000000000109                     I0114276     30041800000000035003410000017N280318104700000000000103004180000000000000000000000000000000000000000100000000003806INALVA LAZARO DRUMOND                   AVENIDA MARECHAL RONDON, 2117           RIACHUELO  -20950071RIO DE JANEIRO RJUNIAO UMB DOS CULTOS AFRO BRAS    30041810 000019
10231987175000168916200163100    000014275                    000142750000000000000109                     I0114275     30041800000000151663410000017N280318104700000000000103004180000000000000000000000000000000000000000100000000003806INALVA LAZARO DRUMOND                   AVENIDA MARECHAL RONDON, 2117           RIACHUELO  -20950071RIO DE JANEIRO RJUNIAO UMB DOS CULTOS AFRO BRAS    30041810 000020
10231987175000168916200163100    000014274                    000142740000000000000109                     I0114274     05041800000000151663410000017N280318104700000000000100504180000000000000000000000000000000000000000100000000003806INALVA LAZARO DRUMOND                   AVENIDA MARECHAL RONDON, 2117           RIACHUELO  -20950071RIO DE JANEIRO RJUNIAO UMB DOS CULTOS AFRO BRAS    05041810 000021
10231987175000168916200163100    000014273                    000142730000000000000109                     I0114273     05041800000000105003410000017N280318104700000000000100504180000000000000000000000000000000000000000200000000003581ODILA RIBEIRO MARTINS                   O MESMO                                 O MESMO     25560490SAO JOAO DE MERRJUNIAO UMB DOS CULTOS AFRO BRAS    05041810 000022
10231987175000168916200163100    000014272                    000142720000000000000109                     I0114272     31051800000000035003410000017N280318104700000000000103105180000000000000000000000000000000000000000100050945653115KLEIDE LEMOS MENDONCA                   RUA COSTA FILHO                         133         21610570RIO DE JANEIRO RJUNIAO UMB DOS CULTOS AFRO BRAS    31051810 000023
10231987175000168916200163100    000014271                    000142710000000000000109                     I0114271     30041800000000035003410000017N280318104700000000000103004180000000000000000000000000000000000000000100050945653115KLEIDE LEMOS MENDONCA                   RUA COSTA FILHO                         133         21610570RIO DE JANEIRO RJUNIAO UMB DOS CULTOS AFRO BRAS    30041810 000024
10231987175000168916200163100    000014270                    000142700000000000000109                     I0114270     30051800000000035003410000017N280318104700000000000103005180000000000000000000000000000000000000000100007253631773CARLOS EDUARDO IZIDORO DE OLIV          RUA BRINCO DE PRINCESA N 980            PARQUE RESID07159630GUARULHOS      SPUNIAO UMB DOS CULTOS AFRO BRAS    30051810 000025
10231987175000168916200163100    000014269                    000142690000000000000109                     I0114269     30041800000000035003410000017N280318104700000000000103004180000000000000000000000000000000000000000100007253631773CARLOS EDUARDO IZIDORO DE OLIV          RUA BRINCO DE PRINCESA N 980            PARQUE RESID07159630GUARULHOS      SPUNIAO UMB DOS CULTOS AFRO BRAS    30041810 000026
10231987175000168916200163100    00004378                     000043780000000000000109                     I024378      22121700000000350003410000017N171117104700000000000102212170000000000000000000000000000000000000000100008304619733LEILA DO NASCIMENTO COUTINHO            AVENIDA: VICENTE DE CARVALHO N° 1086 RUVILA KOSMO -21210024RIO DE JANEIRO RJUNIAO UMB DOS CULTOS AFRO BRAS    22121710 000027
10231987175000168916200163100    00004350                     000043500000000000000109                     I024350      22121700000000350003410000017N171117104700000000000102212170000000000000000000000000000000000000000100009948535723ANA CAROLINA VICENTE TELLES GO          RUA PACHECO JUNIOR N 151                BRAZ DE PINA21211170RIO DE JANEIRO RJUNIAO UMB DOS CULTOS AFRO BRAS    22121710 000028
10231987175000168916200163100    00003592                     000035920000000000000109                     I023592      22121700000000350003410000017N171117104700000000000102212170000000000000000000000000000000000000000100000000003806INALVA LAZARO DRUMOND                   AVENIDA MARECHAL RONDON, 2117           RIACHUELO  -20950071RIO DE JANEIRO RJUNIAO UMB DOS CULTOS AFRO BRAS    22121710 000029
10231987175000168916200163100    00002898                     000028980000000000000109                     I022898      31121700000000035003410000017N131117104700000000000103112170000000000000000000000000000000000000000100009948535723ANA CAROLINA VICENTE TELLES GO          RUA PACHECO JUNIOR N 151                BRAZ DE PINA21211170RIO DE JANEIRO RJUNIAO UMB DOS CULTOS AFRO BRAS    31121710 000030
10231987175000168916200163100    00002103                     000021030000000000000109                     I022103      31121700000000035003410000017N131117104700000000000103112170000000000000000000000000000000000000000100000000003806INALVA LAZARO DRUMOND                   AVENIDA MARECHAL RONDON, 2117           RIACHUELO  -20950071RIO DE JANEIRO RJUNIAO UMB DOS CULTOS AFRO BRAS    31121710 000031
9                                                                                                                                                                                                                                                                                                                                                                                                         000032
