01REMESSA01COBRANCA       817800093673        União Umb dos Cultos Afro Bra341BANCO ITAU SA  080118                                                                                                                                                                                                                                                                                                      000001
10231987175000168817800093673    00005023                     000050230000000000000109                     I015023      31011800000000035003410000017N261217050900000000000103101180000000000000000000000000000000000000000100083650636780MARIZA MIRANDA                          RUA ALEXANDRINO N 120                   POSSE - NOVA26020247NOVA IGUACU    RJUNIAO UMB DOS CULTOS AFRO BRAS    31011810 000002
10231987175000168817800093673    00005018                     000050180000000000000109                     I015018      31011800000000035003410000017N261217050900000000000103101180000000000000000000000000000000000000000100038268264772SANDRA NUNES DE ARAUJO                  O MESMO                                 O MESMO     25041060DUQUE DE CAXIASRJUNIAO UMB DOS CULTOS AFRO BRAS    31011810 000003
10231987175000168817800093673    00005017                     000050170000000000000109                     I015017      31011800000000035003410000017N261217050900000000000103101180000000000000000000000000000000000000000100007832334770MARCELO COSTA DE OLIVEIRA               O MESMO                                 O MESMO     22750310RIO DE JANEIRO RJUNIAO UMB DOS CULTOS AFRO BRAS    31011810 000004
10231987175000168817800093673    00005016                     000050160000000000000109                     I015016      31011800000000035003410000017N261217050900000000000103101180000000000000000000000000000000000000000100003002602117MARCELO DE OLIVEIRA PINHO               O MESMO                                 O MESMO     26066640NOVA IGUACU    RJUNIAO UMB DOS CULTOS AFRO BRAS    31011810 000005
10231987175000168817800093673    00005015                     000050150000000000000109                     I015015      31011800000000035003410000017N261217050900000000000103101180000000000000000000000000000000000000000100001087376750ALAN RICARDO DA CONCEICAO GAMA          O MESMO                                 O MESMO     22783116RIO DE JANEIRO RJUNIAO UMB DOS CULTOS AFRO BRAS    31011810 000006
10231987175000168817800093673    00005013                     000050130000000000000109                     I015013      31011800000000035003410000017N261217050900000000000103101180000000000000000000000000000000000000000100004279924783EDUARDO CARVALHO DE SANTANNA            RUA CINCO N 778                         NOVA CAMPINA25268050DUQUE DE CAXIASRJUNIAO UMB DOS CULTOS AFRO BRAS    31011810 000007
10231987175000168817800093673    00005012                     000050120000000000000109                     I015012      31011800000000035003410000017N261217050900000000000103101180000000000000000000000000000000000000000100049135570768CLEBER SILVA DE FREITAS                 RUA COBE N 1275                         RIO DA PRATA21820200BANGU          RJUNIAO UMB DOS CULTOS AFRO BRAS    31011810 000008
10231987175000168817800093673    00005011                     000050110000000000000109                     I015011      31011800000000035003410000017N261217050900000000000103101180000000000000000000000000000000000000000100007926184756LUCIANO FERREIRA DE SOUZA               ESTRADA DO PORTO VELHO N 311 CASA 4 A   CORDOVIL - R21012140RIO DE JANEIRO RJUNIAO UMB DOS CULTOS AFRO BRAS    31011810 000009
10231987175000168817800093673    00005010                     000050100000000000000109                     I015010      31011800000000035003410000017N261217050900000000000103101180000000000000000000000000000000000000000100065213696791SILVIA ELIZABETE RODRIGUES              RUA JOAO BITTENCOURT, 286               EDSON PASSOS26240510MESQUITA       RJUNIAO UMB DOS CULTOS AFRO BRAS    31011810 000010
10231987175000168817800093673    00005008                     000050080000000000000109                     I015008      31011800000000035003410000017N261217050900000000000103101180000000000000000000000000000000000000000100086634402787ZILDA GIMENIZ NOGUEIRA                  RUA: ESPIRITO SANTO Nº 25 - PRAIA LINDASAO PEDRO DA28940000SAO PEDRO DA ALRJUNIAO UMB DOS CULTOS AFRO BRAS    31011810 000011
10231987175000168817800093673    00005003                     000050030000000000000109                     I015003      31011800000000035003410000017N261217050900000000000103101180000000000000000000000000000000000000000100054770122772EDUARDO DOS SANTOS REIS NETO            O MESMO                                 O MESMO     21360080RIO DE JANEIRO RJUNIAO UMB DOS CULTOS AFRO BRAS    31011810 000012
10231987175000168817800093673    00005001                     000050010000000000000109                     I015001      31011800000000035003410000017N261217050900000000000103101180000000000000000000000000000000000000000100007333127729FRANCISCA GONCALVES                     RUA PROJETADA C BECO FRANCA, 4          ROLA - SANTA23520580RIO DE JANEIRO RJUNIAO UMB DOS CULTOS AFRO BRAS    31011810 000013
10231987175000168817800093673    00005000                     000050000000000000000109                     I015000      31011800000000035003410000017N261217050900000000000103101180000000000000000000000000000000000000000100079042708700ANTONIO CARLOS DE MIRANDA PACH          RUA SOLDADO BRUNO ESTRIFICA N 107       CURICICA - J22780600RIO DE JANEIRO RJUNIAO UMB DOS CULTOS AFRO BRAS    31011810 000014
10231987175000168817800093673    00004999                     000049990000000000000109                     I014999      31011800000000035003410000017N261217050900000000000103101180000000000000000000000000000000000000000100088831051768ELISETE MOREIRA DE OLIVEIRA             RUA JOSE MACHADO, 55                    IRAJA       21361360RIO DE JANEIRO RJUNIAO UMB DOS CULTOS AFRO BRAS    31011810 000015
10231987175000168817800093673    00004998                     000049980000000000000109                     I014998      31011800000000035003410000017N261217050900000000000103101180000000000000000000000000000000000000000100002036570712ANDREIA SANTANNA DO NASCIMENTO          O MESMO                                 O MESMO     25570190SAO JOAO DE MERRJUNIAO UMB DOS CULTOS AFRO BRAS    31011810 000016
10231987175000168817800093673    00004997                     000049970000000000000109                     I014997      31011800000000035003410000017N261217050900000000000103101180000000000000000000000000000000000000000100003314020767ANTONIA GOMES DOS SANTOS MOREI          O MESMO                                 O MESMO     26383450QUEIMADOS      RJUNIAO UMB DOS CULTOS AFRO BRAS    31011810 000017
10231987175000168817800093673    00004996                     000049960000000000000109                     I014996      31011800000000035003410000017N261217050900000000000103101180000000000000000000000000000000000000000100010324446730DEBORA ANDRADE SILVA                    O MESMO                                 O MESMO     22720360RIO DE JANEIRO RJUNIAO UMB DOS CULTOS AFRO BRAS    31011810 000018
10231987175000168817800093673    00004995                     000049950000000000000109                     I014995      31011800000000035003410000017N261217050900000000000103101180000000000000000000000000000000000000000100005556657718EDUARDO DE OLIVEIRA SILVA               AV. GETULIO DE MOURA LOTE 9 QUADRA 1    A.PORTO / S.25520660SAO JOAO DE MERRJUNIAO UMB DOS CULTOS AFRO BRAS    31011810 000019
10231987175000168817800093673    00004993                     000049930000000000000109                     I014993      31011800000000035003410000017N261217050900000000000103101180000000000000000000000000000000000000000100003250127760MARIA ZULEICA CRUZ DA SILVA             O MESMO                                 O MESMO     26010421NOVA IGUACU    RJUNIAO UMB DOS CULTOS AFRO BRAS    31011810 000020
10231987175000168817800093673    00004992                     000049920000000000000109                     I014992      31011800000000035003410000017N261217050900000000000103101180000000000000000000000000000000000000000100014708764774ADILSON CARNEIRO PINTO                  R JUREMA 49                             GUARATIBA   23035380RIO DE JANEIRO RJUNIAO UMB DOS CULTOS AFRO BRAS    31011810 000021
10231987175000168817800093673    00004991                     000049910000000000000109                     I344991      31011800000000035003410000017N261217050900000000000103101180000000000000000000000000000000000000000100009886046716ANA CRISTINA DE ALMEIDA TRINDA          O MESMO                                 O MESMO     21555020RIO DE JANEIRO RJUNIAO UMB DOS CULTOS AFRO BRAS    31011810 000022
10231987175000168817800093673    00004990                     000049900000000000000109                     I014990      31011800000000035003410000017N261217050900000000000103101180000000000000000000000000000000000000000100063440612720SILVANA MANGIA DE SOUZA                 RUA ACANTO N 20                         BANGU - RJ  21830080RIO DE JANEIRO RJUNIAO UMB DOS CULTOS AFRO BRAS    31011810 000023
10231987175000168817800093673    00004989                     000049890000000000000109                     I014989      31011800000000035003410000017N261217050900000000000103101180000000000000000000000000000000000000000100063441314700AMARA DE CARVALHO DANIEL                RUA FREDERICO LEAL N 146 CASA 2         BANGU - RIO 21825110RIO DE JANEIRO RJUNIAO UMB DOS CULTOS AFRO BRAS    31011810 000024
10231987175000168817800093673    00004988                     000049880000000000000109                     I014988      31011800000000035003410000017N261217050900000000000103101180000000000000000000000000000000000000000100043397170706VERA LUCIA FERREIRA DA SILVA            RUA ALICE N 183                         COMENDADOR S26262030NOVA IGUACU    RJUNIAO UMB DOS CULTOS AFRO BRAS    31011810 000025
10231987175000168817800093673    00004987                     000049870000000000000109                     I014987      31011800000000035003410000017N261217050900000000000103101180000000000000000000000000000000000000000100089041950710ANA LUCIA GUIMARAES MOURA ALVE          RUA CARLOS ILIDRO N 189                 BANCARIOS - 21910160ILHA DO GOVERNARJUNIAO UMB DOS CULTOS AFRO BRAS    31011810 000026
10231987175000168817800093673    00004986                     000049860000000000000109                     I014986      31011800000000035003410000017N261217050900000000000103101180000000000000000000000000000000000000000100015827814784THAYNAN ERNANDES DA SILVA PINH          RUA EXPEDICIONARIO AMERICO FERNANDES N 2RIO DO OURO 24752300SAO GONCALO    RJUNIAO UMB DOS CULTOS AFRO BRAS    31011810 000027
10231987175000168817800093673    00004984                     000049840000000000000109                     I014984      31011800000000035003410000017N261217050900000000000103101180000000000000000000000000000000000000000100020857690701MARCELO ANTONIO COSTA TEIXEIRA          RUA TUPINIQUINS N 220 FUNDOS            VICENTE DE C21370630RIO DE JANEIRO RJUNIAO UMB DOS CULTOS AFRO BRAS    31011810 000028
10231987175000168817800093673    00004983                     000049830000000000000109                     I014983      31011800000000035003410000017N261217050900000000000103101180000000000000000000000000000000000000000100078980119704SERGIO LUIZ DE BRITO                    TRAVESSA BRANDAO N 145 - ENGENHOCA      BARRETO - NI24110636NITEROI        RJUNIAO UMB DOS CULTOS AFRO BRAS    31011810 000029
10231987175000168817800093673    00004982                     000049820000000000000109                     I014982      31011800000000035003410000017N261217050900000000000103101180000000000000000000000000000000000000000100073518573772MERCIA DO NASCIMENTO CAVALCANT          RUA BERNARDO MONTEIRO, LT 62 QD 151     JARDIM OLAVO25025320DUQUE DE CAXIASRJUNIAO UMB DOS CULTOS AFRO BRAS    31011810 000030
10231987175000168817800093673    00004981                     000049810000000000000109                     I014981      31011800000000035003410000017N261217050900000000000103101180000000000000000000000000000000000000000100054222141704WALMIR CARVALHO GUIMARAES               RUA BOA VIAGEM, 186 CASA                IPIRANGA - N26293591NOVA IGUACU    RJUNIAO UMB DOS CULTOS AFRO BRAS    31011810 000031
10231987175000168817800093673    00004980                     000049800000000000000109                     I014980      31011800000000035003410000017N261217050900000000000103101180000000000000000000000000000000000000000100056864680797SONIA MARIA DA SILVA                    RUA A, 11 - LOTEAMENTO SANTA MARIA      CAMBOTA - VA27600000VALENCIA       RJUNIAO UMB DOS CULTOS AFRO BRAS    31011810 000032
10231987175000168817800093673    00004978                     000049780000000000000109                     I014978      31011800000000035003410000017N261217050900000000000103101180000000000000000000000000000000000000000100036920940787MARIA DE FATIMA PREFEITO DOS S          RUA  IPEUVA, 81                         BRAS DE PINA21215400RIO DE JANEIRO RJUNIAO UMB DOS CULTOS AFRO BRAS    31011810 000033
10231987175000168817800093673    00004977                     000049770000000000000109                     I014977      31011800000000035003410000017N261217050900000000000103101180000000000000000000000000000000000000000100007331881760COSMA MARIA DE MELO - BENTO SE          RUA PULMERANIA LOTE 16 QUADRA 27 (ANTIGAPARQUE MODER25023070DUQUE DE CAXIASRJUNIAO UMB DOS CULTOS AFRO BRAS    31011810 000034
10231987175000168817800093673    00004976                     000049760000000000000109                     I014976      31011800000000035003410000017N261217050900000000000103101180000000000000000000000000000000000000000100000330025767NUBIA VIRGINIA DE ANDRADE MAGA          O MESMO                                 O MESMO     23573100RIO DE JANEIRO RJUNIAO UMB DOS CULTOS AFRO BRAS    31011810 000035
10231987175000168817800093673    00004973                     000049730000000000000109                     I014973      31011800000000035003410000017N261217050900000000000103101180000000000000000000000000000000000000000100003351761783CLAUDIA LUZIA PEREIRA                   O MESMO                                 O MESMO     26187495BELFORD ROXO   RJUNIAO UMB DOS CULTOS AFRO BRAS    31011810 000036
10231987175000168817800093673    00004972                     000049720000000000000109                     I014972      31011800000000035003410000017N261217050900000000000103101180000000000000000000000000000000000000000100092410480772JOSE LIMA DA SILVA                      RUA: JURANDIR LIMA Nº 40 - SANTA RITA /NOVA IGUACU 26051040NOVA IGUACU    RJUNIAO UMB DOS CULTOS AFRO BRAS    31011810 000037
10231987175000168817800093673    00004971                     000049710000000000000109                     I014971      31011800000000035003410000017N261217050900000000000103101180000000000000000000000000000000000000000100001411697707FERNANDO CRUZ DE OLIVEIRA               RUA IBIRAPUITA N 328                    ROCHA MIRAND21510200RIO DE JANEIRO RJUNIAO UMB DOS CULTOS AFRO BRAS    31011810 000038
10231987175000168817800093673    00004970                     000049700000000000000109                     I014970      31011800000000035003410000017N261217050900000000000103101180000000000000000000000000000000000000000100055177182720VALNEI FERNANDES DA SILVA               RUA DOUTOR JOSE MANOEL N 262            SANTA CATARI24420070SAO GONCALO    RJUNIAO UMB DOS CULTOS AFRO BRAS    31011810 000039
10231987175000168817800093673    00004967                     000049670000000000000109                     I014967      31011800000000035003410000017N261217050900000000000103101180000000000000000000000000000000000000000100003449740733JOSE CARLOS MOREIRA BENTO               RUA DELFIM MOREIRA  LOTE 5 QUADRA 12 CASVILA SAPE  M25922220MAGE           RJUNIAO UMB DOS CULTOS AFRO BRAS    31011810 000040
10231987175000168817800093673    00004965                     000049650000000000000109                     I014965      31011800000000035003410000017N261217050900000000000103101180000000000000000000000000000000000000000100037497928791ANASTACIA CANDIDO RAIMUNDO              RUA ALAMEDA 33 - CHAO DE ESTRELAS N 84  PAVUNA - RIO21521100RIO DE JANEIRO RJUNIAO UMB DOS CULTOS AFRO BRAS    31011810 000041
10231987175000168817800093673    00004963                     000049630000000000000109                     I014963      31011800000000035003410000017N261217050900000000000103101180000000000000000000000000000000000000000100069085986753CARMEM PIRES DE SOUZA                   RUA PRAIA DE BOTAFOGO N 460 APT 1138    BOTAFOGO - R22250040RIO DE JANEIRO RJUNIAO UMB DOS CULTOS AFRO BRAS    31011810 000042
10231987175000168817800093673    00004962                     000049620000000000000109                     I014962      31011800000000035003410000017N261217050900000000000103101180000000000000000000000000000000000000000100019685726787ADELMIR HAMELIN SODRE                   RUA JOAQUIM DE SOUSA, 311 FUNDOS        ROCHA MIRAND21540370RIO DE JANEIRO RJUNIAO UMB DOS CULTOS AFRO BRAS    31011810 000043
10231987175000168817800093673    00004961                     000049610000000000000109                     I014961      31011800000000035003410000017N261217050900000000000103101180000000000000000000000000000000000000000100047613165787ANA SUELI DA GAMA GLORIA                RUA DAMAS BATISTA N 902                 JARDIM TROPI26011010NOVA IGUACU    RJUNIAO UMB DOS CULTOS AFRO BRAS    31011810 000044
10231987175000168817800093673    00004960                     000049600000000000000109                     I014960      31011800000000035003410000017N261217050900000000000103101180000000000000000000000000000000000000000100044188269715SEBASTIANA SOUZA SANTOS                 RUA ARI BARROSO N 193                   JARDIM LUCIA26050410NOVA IGUACU    RJUNIAO UMB DOS CULTOS AFRO BRAS    31011810 000045
10231987175000168817800093673    00004956                     000049560000000000000109                     I014956      31011800000000035003410000017N261217050900000000000103101180000000000000000000000000000000000000000100031471811700GLORIA CORREIA                          RUA SA FERREIRA  120 APTO  1003         COPACABANA  22071100RIO DE JANEIRO RJUNIAO UMB DOS CULTOS AFRO BRAS    31011810 000046
10231987175000168817800093673    00004954                     000049540000000000000109                     I014954      31011800000000035003410000017N261217050900000000000103101180000000000000000000000000000000000000000100001272334740VALERIA MARIA MOREIRA                   RUA: EUDINO EGGER Nº 70 - JARDIM CATARISAO GONCALO 32472290SAO GONCALO    RJUNIAO UMB DOS CULTOS AFRO BRAS    31011810 000047
10231987175000168817800093673    00004953                     000049530000000000000109                     I014953      31011800000000035003410000017N261217050900000000000103101180000000000000000000000000000000000000000100097512770782DULCINEIA CAPUTE                        AVENIDA ITAGUAI N 848 A - ENGENHO       ITAGUAI - RJ23820306ITAGUAI        RJUNIAO UMB DOS CULTOS AFRO BRAS    31011810 000048
10231987175000168817800093673    00004952                     000049520000000000000109                     I014952      31011800000000035003410000017N261217050900000000000103101180000000000000000000000000000000000000000100000237914387JOSE EDILSON RABELO CAULA               RUA DOS INVALIDOS, 138 BL 2 APTO 908    LAPA - RJ   20231046RIO DE JANEIRO RJUNIAO UMB DOS CULTOS AFRO BRAS    31011810 000049
10231987175000168817800093673    00004950                     000049500000000000000109                     I014950      31011800000000035003410000017N261217050900000000000103101180000000000000000000000000000000000000000100006980782762ALEX SANDRO INACIO DO NASCIMEN          MESMO                                   MESMO       26298686NOVA IGUACU    RJUNIAO UMB DOS CULTOS AFRO BRAS    31011810 000050
10231987175000168817800093673    00004944                     000049440000000000000109                     I014944      31011800000000035003410000017N261217050900000000000103101180000000000000000000000000000000000000000100007120562703JANETE RIBEIRO DE ALMEIDA               O MESMO                                 O MESMO     26347030NOVA IGUACU    RJUNIAO UMB DOS CULTOS AFRO BRAS    31011810 000051
10231987175000168817800093673    00004943                     000049430000000000000109                     I014943      31011800000000035003410000017N261217050900000000000103101180000000000000000000000000000000000000000100050995510768MARIA DAS GRACAS DE ANDRADE             RUA, CORONEL FRANCA LEITE Nº 93        FABRICA POLV26246430NILOPOLIS      RJUNIAO UMB DOS CULTOS AFRO BRAS    31011810 000052
10231987175000168817800093673    00004942                     000049420000000000000109                     I014942      31011800000000035003410000017N261217050900000000000103101180000000000000000000000000000000000000000100008839877754DEISE CORREIA ALVES SILVA               PRACA FLAMENGO N 17                     SANTA TEREZA25086090DUQUE DE CAXIASRJUNIAO UMB DOS CULTOS AFRO BRAS    31011810 000053
10231987175000168817800093673    00004941                     000049410000000000000109                     I014941      31011800000000035003410000017N261217050900000000000103101180000000000000000000000000000000000000000100003026317713RITA DE CASSIA VIEIRA SIMOES F          RUA CABO SAULO DE VASCONCELOS N 120 LOTEJARDIM PALMA23510001PACIENCIA      RJUNIAO UMB DOS CULTOS AFRO BRAS    31011810 000054
10231987175000168817800093673    00004937                     000049370000000000000109                     I014937      31011800000000035003410000017N261217050900000000000103101180000000000000000000000000000000000000000100051398060704ELIZABETH MONTEIRO MOREIRA DA           RUA: IBITINGA LOTE 1 QD 3 CASA 1 - PARQUBELFORD ROXO26167160BELFORD ROXO   RJUNIAO UMB DOS CULTOS AFRO BRAS    31011810 000055
10231987175000168817800093673    00004935                     000049350000000000000109                     I014935      31011800000000035003410000017N261217050900000000000103101180000000000000000000000000000000000000000100058739920704ELISABETH DE OLIVEIRA LOUREDO           EST: COMANDANTE LUIZ SOUTO Nº 509 C/ 4DTANQUE - JAC22733040RIO DE JANEIRO RJUNIAO UMB DOS CULTOS AFRO BRAS    31011810 000056
10231987175000168817800093673    00004933                     000049330000000000000109                     I014933      31011800000000035003410000017N261217050900000000000103101180000000000000000000000000000000000000000100095274987753PAULO SERGIO BARBOSA DA CUNHA           RUA: DAS BORBOLETAS Nº 21 E 22 - BANGU RIO DE JANEI21866030RIO DE JANEIRO RJUNIAO UMB DOS CULTOS AFRO BRAS    31011810 000057
10231987175000168817800093673    00004932                     000049320000000000000109                     I014932      31011800000000035003410000017N261217050900000000000103101180000000000000000000000000000000000000000100070672997720MARTA CAVALCANTE TEIXEIRA               O MESMO                                 O MESMO     22763011RIO DE JANEIRO RJUNIAO UMB DOS CULTOS AFRO BRAS    31011810 000058
10231987175000168817800093673    00004931                     000049310000000000000109                     I014931      31011800000000035003410000017N261217050900000000000103101180000000000000000000000000000000000000000100084244224734JORGE MARCELO TINTEL                    O MESMO                                 O MESMO     23530220RIO DE JANEIRO RJUNIAO UMB DOS CULTOS AFRO BRAS    31011810 000059
10231987175000168817800093673    00004928                     000049280000000000000109                     I014928      31011800000000035003410000017N261217050900000000000103101180000000000000000000000000000000000000000100098806181734PAULO ROMULO ALVES DE SOUZA             O MESMO                                 O MESMO     26021560NOVA IGUACU    RJUNIAO UMB DOS CULTOS AFRO BRAS    31011810 000060
10231987175000168817800093673    00004924                     000049240000000000000109                     I014924      31011800000000035003410000017N261217050900000000000103101180000000000000000000000000000000000000000100044451318734NILZA MUNIZ FIRMINO                     RUA: PEDRO AMERICO                      COLUBANDE - 24450480SAO GONCALO    RJUNIAO UMB DOS CULTOS AFRO BRAS    31011810 000061
10231987175000168817800093673    00004922                     000049220000000000000109                     I014922      31011800000000035003410000017N261217050900000000000103101180000000000000000000000000000000000000000100041602790744PAULO LEANDRO FONTES                    ESTRADA: UNIAO E INDUSTRIA              VOLTA REDOND25720062VOLTA REDONDA  RJUNIAO UMB DOS CULTOS AFRO BRAS    31011810 000062
10231987175000168817800093673    00004921                     000049210000000000000109                     I014921      31011800000000035003410000017N261217050900000000000103101180000000000000000000000000000000000000000100068331428749IVANILDA DOS SANTOS                     RUA RIBEIRAO DO SUL LOTE 7 QUADRA 29    GUARATIBA - 23026590RIO DE JANEIRO RJUNIAO UMB DOS CULTOS AFRO BRAS    31011810 000063
10231987175000168817800093673    00004914                     000049140000000000000109                     I014914      31011800000000035003410000017N261217050900000000000103101180000000000000000000000000000000000000000100085789569749VALMIR DE SOUZA RIBEIRO                 O MESMO                                 O MESMO     21715080RIO DE JANEIRO RJUNIAO UMB DOS CULTOS AFRO BRAS    31011810 000064
10231987175000168817800093673    00004913                     000049130000000000000109                     I014913      31011800000000035003410000017N261217050900000000000103101180000000000000000000000000000000000000000100003350383793RITA DE CASSIA MOREIRA DA SILV          RUA ALBERTO TEIXEIRA DA CUNHA, 1160     CENTRO - NIL26520110NILOPOLIS      RJUNIAO UMB DOS CULTOS AFRO BRAS    31011810 000065
10231987175000168817800093673    00004912                     000049120000000000000109                     I014912      31011800000000035003410000017N261217050900000000000103101180000000000000000000000000000000000000000100001796220728MARIA ROSA ALVES DA SILVA               RUA DOUTOR ARRUDA NEGREIRO N 100        SENHOR DO BO25025325DUQUE DE CAXIASRJUNIAO UMB DOS CULTOS AFRO BRAS    31011810 000066
10231987175000168817800093673    00004911                     000049110000000000000109                     I014911      31011800000000035003410000017N261217050900000000000103101180000000000000000000000000000000000000000100071411780744ZULTAMAR MESQUITA DE ALMEIDA            RUA  CORONEL JOSE MUNIZ, 554            OLINDA  - NI26545060NILOPOLIS      RJUNIAO UMB DOS CULTOS AFRO BRAS    31011810 000067
10231987175000168817800093673    00004907                     000049070000000000000109                     I014907      31011800000000035003410000017N261217050900000000000103101180000000000000000000000000000000000000000100030341108715SUELENA DA SILVA MARTINS                RUA PAULO DE AQUINO, 27                 ANCHIETA - R21645500RIO DE JANEIRO RJUNIAO UMB DOS CULTOS AFRO BRAS    31011810 000068
10231987175000168817800093673    00004906                     000049060000000000000109                     I014906      31011800000000035003410000017N261217050900000000000103101180000000000000000000000000000000000000000100059135085720CELIA MARINHO VIEIRA                    RUA LOURIVAL ABREU SILVA, 565           SULACAP - RI21745760RIO DE JANEIRO RJUNIAO UMB DOS CULTOS AFRO BRAS    31011810 000069
10231987175000168817800093673    00004905                     000049050000000000000109                     I014905      31011800000000035003410000017N261217050900000000000103101180000000000000000000000000000000000000000100003863156714VILMA TEREZA DE SOUZA AMARAL            RUA GUATEMALENSE, LOTE 7 QUADRA 32      JARDIM MERIT25555700SAO JOAO DE MERRJUNIAO UMB DOS CULTOS AFRO BRAS    31011810 000070
10231987175000168817800093673    00004902                     000049020000000000000109                     I014902      31011800000000035003410000017N261217050900000000000103101180000000000000000000000000000000000000000100054571715743VILMA OLIVEIRA DOS SANTOS               RUA CORREIA DIAS, 1066                  VIGARIO GERA21241310RIO DE JANEIRO RJUNIAO UMB DOS CULTOS AFRO BRAS    31011810 000071
10231987175000168817800093673    00004901                     000049010000000000000109                     I014901      31011800000000035003410000017N261217050900000000000103101180000000000000000000000000000000000000000100003329195797LUCIANO JOAQUIM                         RUA PERUANA, LOTE 27 QUADRA 12          P. BARAO DO 25555540SAO JOAO DE MERRJUNIAO UMB DOS CULTOS AFRO BRAS    31011810 000072
10231987175000168817800093673    00004899                     000048990000000000000109                     I014899      31011800000000035003410000017N261217050900000000000103101180000000000000000000000000000000000000000100035914661749CELSO NERY GALDARD                      RUA BENJAMIN DA ROCHA JUNIOR, 1 CASA 6  PARQUE FLUMI25045010DUQUE DE CAXIASRJUNIAO UMB DOS CULTOS AFRO BRAS    31011810 000073
10231987175000168817800093673    00004898                     000048980000000000000109                     I014898      31011800000000035003410000017N261217050900000000000103101180000000000000000000000000000000000000000100002804485706LEONOR CARINE COSTA WINTRICH            RUA ESTRELA, 24                         BONSUCESSO -21041070RIO DE JANEIRO RJUNIAO UMB DOS CULTOS AFRO BRAS    31011810 000074
10231987175000168817800093673    00004897                     000048970000000000000109                     I014897      31011800000000035003410000017N261217050900000000000103101180000000000000000000000000000000000000000100002477166778BEATRIZ MIRANDA ABRANCHES               RUA GRUCAI, 657                         PENHA - RJ  21020250RIO DE JANEIRO RJUNIAO UMB DOS CULTOS AFRO BRAS    31011810 000075
10231987175000168817800093673    00004895                     000048950000000000000109                     I014895      31011800000000035003410000017N261217050900000000000103101180000000000000000000000000000000000000000100021153132753VALDAIR DE ABREU PEREIRA                RUA ITAPARA, 51                         BANGU - RJ  21840170RIO DE JANEIRO RJUNIAO UMB DOS CULTOS AFRO BRAS    31011810 000076
10231987175000168817800093673    00004894                     000048940000000000000109                     I014894      31011800000000035003410000017N261217050900000000000103101180000000000000000000000000000000000000000100004550495723MARIA ADELAIDE DA SILVA PROFET          RUA ARACA, 552                          RICARDO DE A21620050RIO DE JANEIRO RJUNIAO UMB DOS CULTOS AFRO BRAS    31011810 000077
10231987175000168817800093673    00004892                     000048920000000000000109                     I014892      31011800000000035003410000017N261217050900000000000103101180000000000000000000000000000000000000000100000998809705LEDA GONCALVES MENDES                   RUA VINTE DE ABRIL, 5 CASA 2            CENTRO - QUE26327470QUEIMADOS      RJUNIAO UMB DOS CULTOS AFRO BRAS    31011810 000078
10231987175000168817800093673    00004890                     000048900000000000000109                     I014890      31011800000000035003410000017N261217050900000000000103101180000000000000000000000000000000000000000100084761512768MIRIAN ALVES DE AQUINO MALTOS           RUA ENGENHO DA RAINHA, 252              INHAUMA - RJ20765040RIO DE JANEIRO RJUNIAO UMB DOS CULTOS AFRO BRAS    31011810 000079
10231987175000168817800093673    00004889                     000048890000000000000109                     I014889      31011800000000035003410000017N261217050900000000000103101180000000000000000000000000000000000000000100086919105772FLAVIO DA SILVA BARBOSA                 ESTRADA DO QUAFA, 678 RUA B LOTE 43     SANTISSIMO -23098030RIO DE JANEIRO RJUNIAO UMB DOS CULTOS AFRO BRAS    31011810 000080
10231987175000168817800093673    00004888                     000048880000000000000109                     I014888      31011800000000035003410000017N261217050900000000000103101180000000000000000000000000000000000000000100062444654749NADIA DA CUNHA SANTOS                   ESTRADA DO CAFUNDA, 621                 TAQUARA - JA22725030RIO DE JANEIRO RJUNIAO UMB DOS CULTOS AFRO BRAS    31011810 000081
10231987175000168817800093673    00004887                     000048870000000000000109                     I014887      31011800000000035003410000017N261217050900000000000103101180000000000000000000000000000000000000000100096073276753MARIA JOSE DA SILVA                     RUA MANOEL GAMA, LOTE 142               TOMAZINHO - 25525542SAO JOAO DE MERRJUNIAO UMB DOS CULTOS AFRO BRAS    31011810 000082
10231987175000168817800093673    00004886                     000048860000000000000109                     I024886      31011800000000035003410000017N261217050900000000000103101180000000000000000000000000000000000000000100063412616753SANDRA MARIA PEREIRA DA SILVA           RUA DOM JOAO VI SN LOTE 18 QUADRA 26    VILAR DOS TE25561090SAO JOAO DE MERRJUNIAO UMB DOS CULTOS AFRO BRAS    31011810 000083
10231987175000168817800093673    00004885                     000048850000000000000109                     I014885      31011800000000035003410000017N261217050900000000000103101180000000000000000000000000000000000000000100030995980820JOSE ANACLETO DE LIMA                   RUA FREDI EMANUEL, 144                  JARDIM JASMI26265110NOVA IGUACU    RJUNIAO UMB DOS CULTOS AFRO BRAS    31011810 000084
10231987175000168817800093673    00004884                     000048840000000000000109                     I014884      31011800000000035003410000017N261217050900000000000103101180000000000000000000000000000000000000000100060495901768ANA CRISTINA PAVAO BARONI               RUA TAMANDUATEI, 197                    JARDIM TROPI26012775NOVA IGUACU    RJUNIAO UMB DOS CULTOS AFRO BRAS    31011810 000085
10231987175000168817800093673    00004883                     000048830000000000000109                     I014883      31011800000000035003410000017N261217050900000000000103101180000000000000000000000000000000000000000100001322424780NELY MELIANO DOS SANTOS                 RUA JABOATAO, 50 QUADRA A               VILA ROSARIO25041020DUQUE DE CAXIASRJUNIAO UMB DOS CULTOS AFRO BRAS    31011810 000086
10231987175000168817800093673    00004882                     000048820000000000000109                     I014882      31011800000000035003410000017N261217050900000000000103101180000000000000000000000000000000000000000100000744455707VERA LUCIA CALIXTO DA SILVA             O MESMO                                 O MESMO     27115410BARRA DO PIRAI RJUNIAO UMB DOS CULTOS AFRO BRAS    31011810 000087
10231987175000168817800093673    00004881                     000048810000000000000109                     I014881      31011800000000035003410000017N261217050900000000000103101180000000000000000000000000000000000000000100042959586700GEORGINA COSTA ISABEL                   O MESMO                                 O MESMO     25015350DUQUE DE CAXIASRJUNIAO UMB DOS CULTOS AFRO BRAS    31011810 000088
10231987175000168817800093673    00004879                     000048790000000000000109                     I014879      31011800000000035003410000017N261217050900000000000103101180000000000000000000000000000000000000000100001974559726ELIZABETH BRITO DE JESUS                O MESMO                                 O MESMO     21210000RIO DE JANEIRO RJUNIAO UMB DOS CULTOS AFRO BRAS    31011810 000089
10231987175000168817800093673    00004877                     000048770000000000000109                     I014877      31011800000000035003410000017N261217050900000000000103101180000000000000000000000000000000000000000100033434557768VALTER OLIVEIRA MAYRINCK                RUA SARGENTO OSMAR CLARO, 22            AMAZONAS - C23075180RIO DE JANEIRO RJUNIAO UMB DOS CULTOS AFRO BRAS    31011810 000090
10231987175000168817800093673    00004876                     000048760000000000000109                     I014876      31011800000000035003410000017N261217050900000000000103101180000000000000000000000000000000000000000100078542626753MARIA HELENA FELIX MARINHO              MESMO                                   O MESMO     21011060RIO DE JANEIRO RJUNIAO UMB DOS CULTOS AFRO BRAS    31011810 000091
10231987175000168817800093673    00004875                     000048750000000000000109                     I014875      31011800000000035003410000017N261217050900000000000103101180000000000000000000000000000000000000000100031569250715JORGE FRANCISCO SANTOS                  EXPEDICIONARIO SEBASTIAO RIBEIRO, 142   COLUBANDE - 24451710SAO GONCALO    RJUNIAO UMB DOS CULTOS AFRO BRAS    31011810 000092
10231987175000168817800093673    00004874                     000048740000000000000109                     I014874      31011800000000035003410000017N261217050900000000000103101180000000000000000000000000000000000000000100091919835768JORGETE SALGADO                         RUA PARAIM, 64 APTO 203                 ILHA DO GOVE21911050RIO DE JANEIRO RJUNIAO UMB DOS CULTOS AFRO BRAS    31011810 000093
10231987175000168817800093673    00004872                     000048720000000000000109                     I014872      31011800000000040003410000017N261217050900000000000103101180000000000000000000000000000000000000000100005206095737FLORIPES RAMOS DE FARIAS                RUA ONESIO MANOEL BELARMINO, 75         ANCHIETA  - 21625330RIO DE JANEIRO RJUNIAO UMB DOS CULTOS AFRO BRAS    31011810 000094
10231987175000168817800093673    00004871                     000048710000000000000109                     I014871      31011800000000035003410000017N261217050900000000000103101180000000000000000000000000000000000000000100048685917700CELIO DO NASCIMENTO                     RUA DO CATETE, 123 CASA 4 APTO 101      CATETE - RIO22220000RIO DE JANEIRO RJUNIAO UMB DOS CULTOS AFRO BRAS    31011810 000095
10231987175000168817800093673    00004870                     000048700000000000000109                     I014870      31011800000000035003410000017N261217050900000000000103101180000000000000000000000000000000000000000100055570720715ATILA CARDOSO DE LIMA                   RUA EUGENIO SOARES, 270                 CENTRO - MES26550007MESQUITA       RJUNIAO UMB DOS CULTOS AFRO BRAS    31011810 000096
10231987175000168817800093673    00004868                     000048680000000000000109                     I014868      31011800000000035003410000017N261217050900000000000103101180000000000000000000000000000000000000000100053011783772MARIA APARECIDA DA SILVA                RUA JOANA RESENDE, 61 - FAZENDA CAXIAS  SEROPEDICA -23836380RIO DE JANEIRO RJUNIAO UMB DOS CULTOS AFRO BRAS    31011810 000097
10231987175000168817800093673    00004866                     000048660000000000000109                     I014866      31011800000000035003410000017N261217050900000000000103101180000000000000000000000000000000000000000100066564689772CARLOS DE ARAUJO RIBEIRO                RUA DIVISORIA, 235                      BENTO RIBEIR21331250RIO DE JANEIRO RJUNIAO UMB DOS CULTOS AFRO BRAS    31011810 000098
10231987175000168817800093673    00004865                     000048650000000000000109                     I014865      31011800000000035003410000017N261217050900000000000103101180000000000000000000000000000000000000000100003388076758ROSALINA MARIA NEVES                    RUA LAURINDO FILHO, 199 CASA 6          CASCADURA - 21370260RIO DE JANEIRO RJUNIAO UMB DOS CULTOS AFRO BRAS    31011810 000099
10231987175000168817800093673    00004864                     000048640000000000000109                     I014864      31011800000000035003410000017N261217050900000000000103101180000000000000000000000000000000000000000100010518288722RODRIGO JOSE ABREU DOS SANTOS           RUA MARAVILHA, 298                      BANGU - RJ  21815150RIO DE JANEIRO RJUNIAO UMB DOS CULTOS AFRO BRAS    31011810 000100
10231987175000168817800093673    00004862                     000048620000000000000109                     I014862      31011800000000035003410000017N261217050900000000000103101180000000000000000000000000000000000000000100044279388768THEREZA LEOCADIA DA COSTA               RUA VERA CRUZ, 12 - TRINTA E UM DE OUTUBPACIENCIA - 23585817RIO DE JANEIRO RJUNIAO UMB DOS CULTOS AFRO BRAS    31011810 000101
10231987175000168817800093673    00004861                     000048610000000000000109                     I014861      31011800000000035003410000017N261217050900000000000103101180000000000000000000000000000000000000000100001077338708ANA MONICA FERREIRA DOS SANTOS          RUA ITAIR JOSE VELOSO, 101 CASA 2 - CONJPACIENCIA - 23587390RIO DE JANEIRO RJUNIAO UMB DOS CULTOS AFRO BRAS    31011810 000102
10231987175000168817800093673    00004860                     000048600000000000000109                     I014860      31011800000000035003410000017N261217050900000000000103101180000000000000000000000000000000000000000100078759676787VANDA LUCIA LIMA DA SILVA               RUA ALMIRANTE JUSTINO PROENCA, 395      CAMPO GRANDE23090310RIO DE JANEIRO RJUNIAO UMB DOS CULTOS AFRO BRAS    31011810 000103
10231987175000168817800093673    00004858                     000048580000000000000109                     I014858      31011800000000035003410000017N261217050900000000000103101180000000000000000000000000000000000000000100078991455700MARY LUCIA PEREIRA DA SILVA             RUA MONODORA, 95                        GARDENIA AZU22765590RIO DE JANEIRO RJUNIAO UMB DOS CULTOS AFRO BRAS    31011810 000104
10231987175000168817800093673    00004856                     000048560000000000000109                     I014856      31011800000000035003410000017N261217050900000000000103101180000000000000000000000000000000000000000100074624792234MARILZA COSTA FERREIRA                  RUA INHANDUI, 128                       BENFICA - RJ20930120RIO DE JANEIRO RJUNIAO UMB DOS CULTOS AFRO BRAS    31011810 000105
10231987175000168817800093673    00004853                     000048530000000000000109                     I014853      31011800000000035003410000017N261217050900000000000103101180000000000000000000000000000000000000000100010949478733AUCELIA MARIA DE SOUZA LIMA             RUA JOSE FRANCISCO DE SOUZA PORTO, 229  ARNALDO EUGE23016010RIO DE JANEIRO RJUNIAO UMB DOS CULTOS AFRO BRAS    31011810 000106
10231987175000168817800093673    00004849                     000048490000000000000109                     I014849      31011800000000035003410000017N261217050900000000000103101180000000000000000000000000000000000000000100049720147768LEDA MARIA DOS SANTOS LEAL              RUA JOSE FIRMINO DE MELO, 247           QUIMICA - BA27130360BARRA DO PIRAI RJUNIAO UMB DOS CULTOS AFRO BRAS    31011810 000107
10231987175000168817800093673    00004845                     000048450000000000000109                     I014845      31011800000000035003410000017N261217050900000000000103101180000000000000000000000000000000000000000100004245577703FERNANDA MEDEIROS VIANA                 RUA TOROPI  LOTE 7 QUADRA 29 FUNDOS     HELIOPOLIS  26123380BELFORD ROXO   RJUNIAO UMB DOS CULTOS AFRO BRAS    31011810 000108
10231987175000168817800093673    00004843                     000048430000000000000109                     I014843      31011800000000035003410000017N261217050900000000000103101180000000000000000000000000000000000000000100001411422783ANITA ANTONIA DOS REIS                  RUA SEABRA SOBRINHO, 413                CENTENARIO -25030190DUQUE DE CAXIASRJUNIAO UMB DOS CULTOS AFRO BRAS    31011810 000109
10231987175000168817800093673    00004842                     000048420000000000000109                     I014842      31011800000000035003410000017N261217050900000000000103101180000000000000000000000000000000000000000100053768175715DAMIANA MARTINS DA SILVA                RUA ARABORI, 262                        ROCHA MIRAND21545120RIO DE JANEIRO RJUNIAO UMB DOS CULTOS AFRO BRAS    31011810 000110
10231987175000168817800093673    00004840                     000048400000000000000109                     I014840      31011800000000035003410000017N261217050900000000000103101180000000000000000000000000000000000000000100090882687700JUCIARA DE SOUZA CAMPOS                 RUA DEMOSTENES, 116                     JARDIM GLAUC26195500BELFORD ROXO   RJUNIAO UMB DOS CULTOS AFRO BRAS    31011810 000111
10231987175000168817800093673    00004835                     000048350000000000000109                     I014835      31011800000000035003410000017N261217050900000000000103101180000000000000000000000000000000000000000100004792985722MARIA LUIZA BONIFACIO DA SILVA          RUA SAO MARIANO SCOTT, 63               PRACA SECA -21321290RIO DE JANEIRO RJUNIAO UMB DOS CULTOS AFRO BRAS    31011810 000112
10231987175000168817800093673    00004832                     000048320000000000000109                     I014832      31011800000000035003410000017N261217050900000000000103101180000000000000000000000000000000000000000100004728238768MARIA JOSE ILARIO MANGUEIRA             ESTRADA DA AGUA BRANCA, 2160            REALENGO - R21730000RIO DE JANEIRO RJUNIAO UMB DOS CULTOS AFRO BRAS    31011810 000113
10231987175000168817800093673    00004831                     000048310000000000000109                     I014831      10011800000000350003410000017N261217050900000000000101001180000000000000000000000000000000000000000100005215642710ROBERTA LIMA GRIJO                      RUA FLORANIA, 475                       VISTA ALEGRE21230700RIO DE JANEIRO RJUNIAO UMB DOS CULTOS AFRO BRAS    10011810 000114
10231987175000168817800093673    00004830                     000048300000000000000109                     I024830      26121700000000035003410000017N261217050900000000000102612170000000000000000000000000000000000000000100005215642710ROBERTA LIMA GRIJO                      RUA FLORANIA, 475                       VISTA ALEGRE21230700RIO DE JANEIRO RJUNIAO UMB DOS CULTOS AFRO BRAS    26121710 000115
10231987175000168817800093673    00004778                     000047780000000000000109                     I024778      20121700000000300003410000017N181217050900000000000102012170000000000000000000000000000000000000000100003866737726ALESSANDRO ESTRELA RODRIGUES            RUA B 1 SN QD 49 LT 11 - JD GARRIDO     PEDRA DE GUA23026060PEDRA DE GUARATRJUNIAO UMB DOS CULTOS AFRO BRAS    20121710 000116
10231987175000168817800093673    00004748                     000047480000000000000109                     I024748      15121700000000035003410000017N071217050900000000000101512170000000000000000000000000000000000000000100000092416713LOURDES GONCALVES DA SILVA CAB          RUA GUATEMALA, 467 CASA 1 FRENTE        PENHA CIRCUL21020170RIO DE JANEIRO RJUNIAO UMB DOS CULTOS AFRO BRAS    15121710 000117
10231987175000168817800093673    00004745                     000047450000000000000109                     I024745      15121700000000105003410000017N071217050900000000000101512170000000000000000000000000000000000000000100002053662794JOSE DE MELLO FILHO                     O MESMO                                 O MESMO     21235510RIO DE JANEIRO RJUNIAO UMB DOS CULTOS AFRO BRAS    15121710 000118
10231987175000168817800093673    00004709                     000047090000000000000109                     I024709      15121700000000035003410000017N011217050900000000000101512170000000000000000000000000000000000000000100094443211772SANDRA LEILA ANACLETO SIQUEIRA          RUA RAUL VEIGA, 315                     QUITANDINHA 25635110PETROPOLIS     RJUNIAO UMB DOS CULTOS AFRO BRAS    15121710 000119
10231987175000168817800093673    00004708                     000047080000000000000109                     I344708      20121700000000300003410000017N011217050900000000000102012170000000000000000000000000000000000000000100077575768734CARLOS ALBERTO BAPTISTA                 RUA DOUTOR NOGUCHI, 220                 RAMOS - RJ  21060420RIO DE JANEIRO RJUNIAO UMB DOS CULTOS AFRO BRAS    20121710 000120
10231987175000168817800093673    00004674                     000046740000000000000109                     I024674      30111700000000105003410000017N281117050900000000000103011170000000000000000000000000000000000000000100008401319765ANDRE FERREIRA DE PAULA                 RUA AMERICO ROCHA N 1095 APT 201        MARECHAL HER21555300RIO DE JANEIRO RJUNIAO UMB DOS CULTOS AFRO BRAS    30111710 000121
10231987175000168817800093673    00004662                     000046620000000000000109                     I344662      20121700000000035003410000017N241117050900000000000102012170000000000000000000000000000000000000000100085906743715FRANCISCA CELIA LEANDRO NEVES           O MESMO                                 O MESMO     21540460RIO DE JANEIRO RJUNIAO UMB DOS CULTOS AFRO BRAS    20121710 000122
10231987175000168817800093673    00004650                     000046500000000000000109                     I344650      10121700000000105003410000017N221117050900000000000101012170000000000000000000000000000000000000000100009959898776ANGELICA MONTEIRO DE OLIVEIRA           RUA CINCO N 313 - GLEBA A - CHAPERO     ITAGUAI - RJ23831190ITAGUAI        RJUNIAO UMB DOS CULTOS AFRO BRAS    10121710 000123
10231987175000168817800093673    00003204                     000032040000000000000109                     I343204      05121700000000105003410000017N171117050900000000000100512170000000000000000000000000000000000000000100003350383793RITA DE CASSIA MOREIRA DA SILV          RUA ALBERTO TEIXEIRA DA CUNHA, 1160     CENTRO - NIL26520110NILOPOLIS      RJUNIAO UMB DOS CULTOS AFRO BRAS    05121710 000124
10231987175000168817800093673    00003203                     000032030000000000000109                     I343203      20121700000000340003410000017N161117050900000000000102012170000000000000000000000000000000000000000100002420898796ROSILENE MATHEUS DE CARVALHO            RUA KEMAL PACHA N 43                    VILA SANTO A25040220DUQUE DE CAXIASRJUNIAO UMB DOS CULTOS AFRO BRAS    20121710 000125
10231987175000168817800093673    00003202                     000032020000000000000109                     I343202      20121700000000340003410000017N161117050900000000000102012170000000000000000000000000000000000000000100014563820717PAULA GOMES DA SILVA MOTTA              RUA GABRIEL DANUSIO N 10 FUNDOS         VILA SANTO A25040230DUQUE DE CAXIASRJUNIAO UMB DOS CULTOS AFRO BRAS    20121710 000126
10231987175000168817800093673    00003201                     000032010000000000000109                     I343201      05121700000000060003410000017N161117050900000000000100512170000000000000000000000000000000000000000100043922880720JUDITH SPDO DE SENNA                    RUA PARANAPIACABA  97                   PIEDADE  RJ 20751390RIO DE JANEIRO RJUNIAO UMB DOS CULTOS AFRO BRAS    05121710 000127
10231987175000168817800093673    00001706                     000017060000000000000109                     I341706      20121700000000035003410000017N131117050900000000000102012170000000000000000000000000000000000000000100003003808789ADRIANA LUCIANA DA SILVA                AVENIDA VICENTE DE CARVALHO, 1086, RUA AVICENTE DE C21210024RIO DE JANEIRO RJUNIAO UMB DOS CULTOS AFRO BRAS    20121710 000128
10231987175000168817800093673    00001697                     000016970000000000000109                     I021697      15111700000000035003410000017N081117050900000000000101511170000000000000000000000000000000000000000100056864680797SONIA MARIA DA SILVA                    RUA A, 11 - LOTEAMENTO SANTA MARIA      CAMBOTA - VA27600000VALENCIA       RJUNIAO UMB DOS CULTOS AFRO BRAS    15111710 000129
10231987175000168817800093673    00001694                     000016940000000000000109                     I341694      20121700000000300003410000017N081117050900000000000102012170000000000000000000000000000000000000000100003549931789LUCIANE CRISTINA OLIVEIRA DOS           RUA: AMANDIU Nº 334 FRENTE             IRAJA - RIO 21371440RIO DE JANEIRO RJUNIAO UMB DOS CULTOS AFRO BRAS    20121710 000130
10231987175000168817800093673    00001692                     000016920000000000000109                     I021692      20121700000000340003410000017N081117050900000000000102012170000000000000000000000000000000000000000100008763637707JUSSARA SILVA DE ALBUQUERQUE            RUA: ARGOS Nº 281 FUNDOS - GUADALUPE   RIO DE JANEI21660050RIO DE JANEIRO RJUNIAO UMB DOS CULTOS AFRO BRAS    20121710 000131
10231987175000168817800093673    00001690                     000016900000000000000109                     I021690      15111700000000035003410000017N081117050900000000000101511170000000000000000000000000000000000000000100007117717742MARCELO VITAL DOMINATO                  RUA ATIBA, 44 FUNDOS - JACARE           CACHAMBI - R20785110RIO DE JANEIRO RJUNIAO UMB DOS CULTOS AFRO BRAS    15111710 000132
10231987175000168817800093673    00001686                     000016860000000000000109                     I021686      30111700000000035003410000017N071117050900000000000103011170000000000000000000000000000000000000000100079042708700ANTONIO CARLOS DE MIRANDA PACH          RUA SOLDADO BRUNO ESTRIFICA N 107       CURICICA - J22780600RIO DE JANEIRO RJUNIAO UMB DOS CULTOS AFRO BRAS    30111710 000133
10231987175000168817800093673    00001683                     000016830000000000000109                     I021683      20121700000000340003410000017N071117050900000000000102012170000000000000000000000000000000000000000100001868270750CARLOS ALBERTO DO NASCIMENTO L          O MESMO                                 O MESMO     20761060RIO DE JANEIRO RJUNIAO UMB DOS CULTOS AFRO BRAS    20121710 000134
10231987175000168817800093673    00001676                     000016760000000000000109                     I021676      30111700000000035003410000017N061117050900000000000103011170000000000000000000000000000000000000000100008502438743ALINE RAMOS DE SOUZA DA SILVA           RUA DOUTOR ISMAEL CAVALCANTI N 240      SEPETIBA - R23545145RIO DE JANEIRO RJUNIAO UMB DOS CULTOS AFRO BRAS    30111710 000135
10231987175000168817800093673    00001671                     000016710000000000000109                     I021671      30111700000000490003410000017N031117050900000000000103011170000000000000000000000000000000000000000100007476149739JAQUELINE DE ASSIS                      RUA: MIGUEL DE CARVALHO Nº 171         GUARATIBA - 23035640RIO DE JANEIRO RJUNIAO UMB DOS CULTOS AFRO BRAS    30111710 000136
10231987175000168817800093673    00001667                     000016670000000000000109                     I021667      30111700000000035003410000017N011117050900000000000103011170000000000000000000000000000000000000000100002413896740ADRIANO CAMILO DOS SANTOS               RUA SANTA ISABEL, 328 CASA 9            PALHADA - NO26335260NOVA IGUACU    RJUNIAO UMB DOS CULTOS AFRO BRAS    30111710 000137
10231987175000168817800093673    00001666                     000016660000000000000109                     I021666      10111700000000140003410000017N011117050900000000000101011170000000000000000000000000000000000000000100002413896740ADRIANO CAMILO DOS SANTOS               RUA SANTA ISABEL, 328 CASA 9            PALHADA - NO26335260NOVA IGUACU    RJUNIAO UMB DOS CULTOS AFRO BRAS    10111710 000138
10231987175000168817800093673    00001659                     000016590000000000000109                     I021659      30111700000000035003410000017N301017050900000000000103011170000000000000000000000000000000000000000100000467099758KLEBER FARNESI CONTE                    AVENIDA IRMAOS GUINLE, 254              INCONFIDENCI26323130QUEIMADOS      RJUNIAO UMB DOS CULTOS AFRO BRAS    30111710 000139
10231987175000168817800093673    00001656                     000016560000000000000109                     I021656      30111700000000035003410000017N301017050900000000000103011170000000000000000000000000000000000000000100014842140720HUDSON WALLACE ANGELO DA SILVA          O MESMO                                 O MESMO     25220689DUQUE DE CAXIASRJUNIAO UMB DOS CULTOS AFRO BRAS    30111710 000140
10231987175000168817800093673    00001653                     000016530000000000000109                     I021653      27111700000000420003410000017N301017050900000000000102711170000000000000000000000000000000000000000100002734506700CARLOS HENRIQUE ARAUJO                  RUA MARQUES CANARIO N 725               NOSSA SENHOR26520770NILOPOLIS      RJUNIAO UMB DOS CULTOS AFRO BRAS    27111710 000141
10231987175000168817800093673    00001609                     000016090000000000000109                     I021609      16111700000000105003410000017N271017050900000000000101611170000000000000000000000000000000000000000100075874520791MARIA JOSE MELO DA SILVA                RUA SIDNEY, 155 - CONJUNTO BOA ESPERANCAPARAISO - NO26297249NOVA IGUACU    RJUNIAO UMB DOS CULTOS AFRO BRAS    16111710 000142
10231987175000168817800093673    00001607                     000016070000000000000109                     I021607      15111700000000210003410000017N261017050900000000000101511170000000000000000000000000000000000000000100009406419769MAURICIO DOS SANTOS SILVA               RUA CASTANHAL, TRAVESSA PROGRESSO I CASAPARQUE GENEC26061650NOVA IGUACU    RJUNIAO UMB DOS CULTOS AFRO BRAS    15111710 000143
10231987175000168817800093673    00001587                     000015870000000000000109                     I011587      20121700000000340003410000017N251017050900000000000102012170000000000000000000000000000000000000000100085258610730CRISTINA ROSA DE JESUS BASILIO          RUA NILZA GURGEL, 615 CASA 3            VILA EMIL - 26580310MESQUITA       RJUNIAO UMB DOS CULTOS AFRO BRAS    20121710 000144
10231987175000168817800093673    00001582                     000015820000000000000109                     I341582      20121700000000340003410000017N251017050900000000000102012170000000000000000000000000000000000000000100073689777704ANTONIO JOSE CHRISTINO PIORRO           RUA PINTO TELES N 1026                  PRACA SECA -21341270RIO DE JANEIRO RJUNIAO UMB DOS CULTOS AFRO BRAS    20121710 000145
10231987175000168817800093673    00001578                     000015780000000000000109                     I341578      20121700000000300003410000017N251017050900000000000102012170000000000000000000000000000000000000000100033943885704VALMIR FERREIRA                         RUA C, 41 QUADRA X - VALE DA SIMPATIA (RVILAR DOS TE25565260SAO JOAO DE MERRJUNIAO UMB DOS CULTOS AFRO BRAS    20121710 000146
10231987175000168817800093673    00001574                     000015740000000000000109                     I011574      20121700000000300003410000017N251017050900000000000102012170000000000000000000000000000000000000000100012520622733JOSEFA DOS SANTOS SANTANA               RUA LAMARTINE BABO LT 28 QD 127         JD.CATARINA 24715230SAO GONCALO    RJUNIAO UMB DOS CULTOS AFRO BRAS    20121710 000147
10231987175000168817800093673    00001573                     000015730000000000000109                     I011573      20121700000000340003410000017N251017050900000000000102012170000000000000000000000000000000000000000100048351032700FATIMA MARIA DUARTE ALBUQUERQU          RUA GAROPA, 8                           AQUARIO - CA20720012RIO DE JANEIRO RJUNIAO UMB DOS CULTOS AFRO BRAS    20121710 000148
10231987175000168817800093673    00001561                     000015610000000000000109                     I011561      20121700000000340003410000017N251017050900000000000102012170000000000000000000000000000000000000000100050965158772NORMA GONCALVES DIAS                    RUA MARQUES DE QUELUZ N 41              IRAJA - RIO 21235120RIO DE JANEIRO RJUNIAO UMB DOS CULTOS AFRO BRAS    20121710 000149
10231987175000168817800093673    00001556                     000015560000000000000109                     I341556      20121700000000340003410000017N251017050900000000000102012170000000000000000000000000000000000000000100043849652734JORGE LUIZ ALVES                        RUA CAJURANA N 195                      COELHO NETO 21510430RIO DE JANEIRO RJUNIAO UMB DOS CULTOS AFRO BRAS    20121710 000150
10231987175000168817800093673    00001551                     000015510000000000000109                     I341551      20121700000000340003410000017N251017050900000000000102012170000000000000000000000000000000000000000100046674861715JORGE AILTON CORVINO DO NASCIM          RUA  CLAUDINO BARATA, 122 FUNDOS  CASA 5REALENGO    21770200RIO DE JANEIRO RJUNIAO UMB DOS CULTOS AFRO BRAS    20121710 000151
10231987175000168817800093673    00001539                     000015390000000000000109                     I341539      20121700000000340003410000017N251017050900000000000102012170000000000000000000000000000000000000000100000616985711DALVANEIA DE OLIVEIRA SILVA             RUA   MANIMBU, 159                      VENDA DE VAR23520522RIO DE JANEIRO RJUNIAO UMB DOS CULTOS AFRO BRAS    20121710 000152
10231987175000168817800093673    00001537                     000015370000000000000109                     I341537      20121700000000340003410000017N251017050900000000000102012170000000000000000000000000000000000000000100066108950749HILDA ALBUQUERQUE DA SILVA              O MESMO                                 O MESMO     23066400RIO DE JANEIRO RJUNIAO UMB DOS CULTOS AFRO BRAS    20121710 000153
10231987175000168817800093673    00001526                     000015260000000000000109                     I021526      20121700000000340003410000017N251017050900000000000102012170000000000000000000000000000000000000000100043171974720ELISABETH AUGUSTO DA COSTA              O MESMO                                 O MESMO     21231000RIO DE JANEIRO RJUNIAO UMB DOS CULTOS AFRO BRAS    20121710 000154
10231987175000168817800093673    00001515                     000015150000000000000109                     I341515      20121700000000180003410000017N251017050900000000000102012170000000000000000000000000000000000000000100091102782734ANGELIA PEREIRA ALVIM DE FARIA          ESTRADA SANTA VERIDIANA  2101 LOTE 224 BSANTA VERIDI23056630RIO DE JANEIRO RJUNIAO UMB DOS CULTOS AFRO BRAS    20121710 000155
10231987175000168817800093673    00001508                     000015080000000000000109                     I011508      20121700000000270003410000017N251017050900000000000102012170000000000000000000000000000000000000000100012781404764RICARDO RIBEIRO DOS SANTOS              RUA MARIA FRANCISCA,16 B                CENTRO - CAM23050030RIO DE JANEIRO RJUNIAO UMB DOS CULTOS AFRO BRAS    20121710 000156
10231987175000168817800093673    00001506                     000015060000000000000109                     I341506      20121700000000300003410000017N251017050900000000000102012170000000000000000000000000000000000000000100009444644758ROSEMERE CONCEICAO DA SILVA             RUA ENESIO ROSA DOS SANTOS LT 9 QD 2    VALE DAS MAN26175240RIO DE JANEIRO RJUNIAO UMB DOS CULTOS AFRO BRAS    20121710 000157
10231987175000168817800093673    00001461                     000014610000000000000109                     I011461      20121700000000090003410000017N251017050900000000000102012170000000000000000000000000000000000000000100000001795740MARINA CEZARIO AMARAL                   RUA CORONEL JOAQUIM MENDES, 38          COLUBANDE - 24744570SAO GONCALO    RJUNIAO UMB DOS CULTOS AFRO BRAS    20121710 000158
10231987175000168817800093673    00001430                     000014300000000000000109                     I011430      20121700000000180003410000017N251017050900000000000102012170000000000000000000000000000000000000000100063533758753SONIA MARIA MEIRA DE SOUZA              ESTRADA DE PACIENCIA, 120 (ASSOCIACAO)  PACIENCIA - 23060372RIO DE JANEIRO RJUNIAO UMB DOS CULTOS AFRO BRAS    20121710 000159
10231987175000168817800093673    00001426                     000014260000000000000109                     I021426      20121700000000270003410000017N251017050900000000000102012170000000000000000000000000000000000000000100036206071700MARIA ISABEL RAMOS                      RUA MARINA N 428                        BENTO RIBEIR21331070RIO DE JANEIRO RJUNIAO UMB DOS CULTOS AFRO BRAS    20121710 000160
10231987175000168817800093673    00001416                     000014160000000000000109                     I021416      17111700000000070003410000017N241017050900000000000101711170000000000000000000000000000000000000000100008158166776CRISTIANE DE ALMEIDA DA ROCHA           RUA JOANA RESENDE N° 28 - MADUREIRA    RIO DE JANEI21360430RIO DE JANEIRO RJUNIAO UMB DOS CULTOS AFRO BRAS    17111710 000161
10231987175000168817800093673    00001381                     000013810000000000000109                     I341381      20121700000000340003410000017N241017050900000000000102012170000000000000000000000000000000000000000100068556241700NEIDE RISMO                             RUA JABOTIA N 8                         JARDIM DAS A26143410BELFORD ROXO   RJUNIAO UMB DOS CULTOS AFRO BRAS    20121710 000162
10231987175000168817800093673    00001380                     000013800000000000000109                     I011380      20121700000000340003410000017N241017050900000000000102012170000000000000000000000000000000000000000100028625153704CARLOS ALBERTO MENDES DA CRUZ           RUA DA LASTENIA N 110                   MALHAPAO - B26187070BELFORD ROXO   RJUNIAO UMB DOS CULTOS AFRO BRAS    20121710 000163
10231987175000168817800093673    00001365                     000013650000000000000109                     I011365      20121700000000340003410000017N241017050900000000000102012170000000000000000000000000000000000000000100004501217715JOSE DIOMEDES DO PATROCINIO NE          RUA DOUTOR LAUREANO N 250 - VILA SAO LUIVILA SAO LUI25060220DUQUE DE CAXIASRJUNIAO UMB DOS CULTOS AFRO BRAS    20121710 000164
9                                                                                                                                                                                                                                                                                                                                                                                                         000165
