01REMESSA01COBRANCA       817800093673        União Umb dos Cultos Afro Bra341BANCO ITAU SA  280518                                                                                                                                                                                                                                                                                                      000001
10231987175000168817800093673    000021067                    000210670000000000000109                     I0121067     05061800000000360003410000017N240518104700000000000100506180000000000000000000000000000000000000000100083441271734NAELSON MAGALHAES DE AVELLAR            RUA ONZE LOTE 1 CASA 1                  GUANDU L - S23560778SANTA CRUZ     RJUNIAO UMB DOS CULTOS AFRO BRAS    05061810 000002
10231987175000168817800093673    000021066                    000210660000000000000109                     I0121066     20061800000000350003410000017N240518104700000000000102006180000000000000000000000000000000000000000200000000004796HELENA ALVES BRAZ                       RUA JUTAI, LOTE 20 QUADRA 151           PERIQUITO - 25025290DUQUE DE CAXIASRJUNIAO UMB DOS CULTOS AFRO BRAS    20061810 000003
10231987175000168817800093673    000021065                    000210650000000000000109                     I0121065     30051800000000035003410000017N240518104700000000000103005180000000000000000000000000000000000000000100031569250715JORGE FRANCISCO SANTOS                  EXPEDICIONARIO SEBASTIAO RIBEIRO, 142   COLUBANDE - 24451710SAO GONCALO    RJUNIAO UMB DOS CULTOS AFRO BRAS    30051810 000004
10231987175000168817800093673    000021064                    000210640000000000000109                     I0121064     04061800000000105003410000017N230518104700000000000100406180000000000000000000000000000000000000000100007986589752LEANDRO DOS SANTOS RODRIGUES            AVENIDA GASPAR DE LEMOS, 13             ILHA DE GUAR23020230RIO DE JANEIRO RJUNIAO UMB DOS CULTOS AFRO BRAS    04061810 000005
10231987175000168817800093673    000014401                    000144010000000000000109                     I3414401     30051800000000035003410000017N140418104700000000000103005180000000000000000000000000000000000000000100002735190773EDIVAN FARIAS DA SILVA                  RUA EDNA MEDEIROS, 69 - JARDIM MARILICE CORUMBA - NO26042430NOVA IGUACU    RJUNIAO UMB DOS CULTOS AFRO BRAS    30051810 000006
10231987175000168817800093673    000013576                    000135760000000000000109                     I0213576     30051800000000035003410000017N200218104700000000000103005180000000000000000000000000000000000000000100063579588753EDSON DOS SANTOS ROSA                   RUA VENANCIO ADRES, 1669 - CASA 1       GRAMACHO - D25036170DUQUE DE CAXIASRJUNIAO UMB DOS CULTOS AFRO BRAS    30051810 000007
10231987175000168817800093673    000013554                    000135540000000000000109                     I3413554     30051800000000035003410000017N200218104700000000000103005180000000000000000000000000000000000000000100000261600729ELIANE ZELIA DE OLIVEIRA                RUA VENANCIO AIRES, 1781                GRAMACHO - D25035340DUQUE DE CAXIASRJUNIAO UMB DOS CULTOS AFRO BRAS    30051810 000008
10231987175000168817800093673    000013386                    000133860000000000000109                     I3413386     30051800000000035003410000017N200218104700000000000103005180000000000000000000000000000000000000000100014324870780ANDREY SANTOS ESTEVES                   RUA GENERAL SEZEFREDO, 7 - REALENGO     REALENGO/RJ 21715060RIO DE JANEIRO RJUNIAO UMB DOS CULTOS AFRO BRAS    30051810 000009
10231987175000168817800093673    000013226                    000132260000000000000109                     I3413226     30051800000000035003410000017N200218104700000000000103005180000000000000000000000000000000000000000100008389266733BEATRIZ DE AZEVEDO NUNES                RUA: SAPOPEMBA Nº 246 - BENTO RIBEIRO  RIO DE JANEI21321240RIO DE JANEIRO RJUNIAO UMB DOS CULTOS AFRO BRAS    30051810 000010
10231987175000168817800093673    000013128                    000131280000000000000109                     I3413128     30051800000000035003410000017N200218104700000000000103005180000000000000000000000000000000000000000100011297806786THIAGO PEREIRA DE BRITO                 RUA SAO JANUARIO                        NITEROI     24130386NITEROI        RJUNIAO UMB DOS CULTOS AFRO BRAS    30051810 000011
10231987175000168817800093673    000013087                    000130870000000000000109                     I0213087     30051800000000035003410000017N200218104700000000000103005180000000000000000000000000000000000000000100001876672765AGUIMAR FERREIRA PIRES                  TRAVESSA JURANIC 26                     CAMARAO - SA24435080SAO GONCALO    RJUNIAO UMB DOS CULTOS AFRO BRAS    30051810 000012
10231987175000168817800093673    000012876                    000128760000000000000109                     I0212876     30051800000000035003410000017N200218104700000000000103005180000000000000000000000000000000000000000100015197047712MARCELLE SOARES ZIMBRAO                 RUA: NOSSA SENHORA DAS GRACAS Nº 11    MOSELA - PET25675111PETROPOLIS     RJUNIAO UMB DOS CULTOS AFRO BRAS    30051810 000013
10231987175000168817800093673    000012222                    000122220000000000000109                     I0212222     30041800000000035003410000017N200218104700000000000103004180000000000000000000000000000000000000000100074171372704ELIANE DE SOUZA MACHADO                 RUA ROQUETE PINTO LOTE 22 QUADRA 290 CASJARDIM ANHAN25265200DUQUE DE CAXIASRJUNIAO UMB DOS CULTOS AFRO BRAS    30041810 000014
10231987175000168817800093673    000011967                    000119670000000000000109                     I0211967     30041800000000035003410000017N200218104700000000000103004180000000000000000000000000000000000000000100063579588753EDSON DOS SANTOS ROSA                   RUA VENANCIO ADRES, 1669 - CASA 1       GRAMACHO - D25036170DUQUE DE CAXIASRJUNIAO UMB DOS CULTOS AFRO BRAS    30041810 000015
10231987175000168817800093673    000011945                    000119450000000000000109                     I3411945     30041800000000035003410000017N200218104700000000000103004180000000000000000000000000000000000000000100000261600729ELIANE ZELIA DE OLIVEIRA                RUA VENANCIO AIRES, 1781                GRAMACHO - D25035340DUQUE DE CAXIASRJUNIAO UMB DOS CULTOS AFRO BRAS    30041810 000016
10231987175000168817800093673    000011777                    000117770000000000000109                     I0211777     30041800000000035003410000017N200218104700000000000103004180000000000000000000000000000000000000000100014324870780ANDREY SANTOS ESTEVES                   RUA GENERAL SEZEFREDO, 7 - REALENGO     REALENGO/RJ 21715060RIO DE JANEIRO RJUNIAO UMB DOS CULTOS AFRO BRAS    30041810 000017
10231987175000168817800093673    000010743                    000107430000000000000109                     I0210743     30041800000000040003410000017N200218104700000000000103004180000000000000000000000000000000000000000100004245577703FERNANDA MEDEIROS VIANA                 RUA TOROPI  LOTE 7 QUADRA 29 FUNDOS     HELIOPOLIS  26123380BELFORD ROXO   RJUNIAO UMB DOS CULTOS AFRO BRAS    30041810 000018
10231987175000168817800093673    000010613                    000106130000000000000109                     I0210613     30031800000000035003410000017N200218104700000000000103003180000000000000000000000000000000000000000100074171372704ELIANE DE SOUZA MACHADO                 RUA ROQUETE PINTO LOTE 22 QUADRA 290 CASJARDIM ANHAN25265200DUQUE DE CAXIASRJUNIAO UMB DOS CULTOS AFRO BRAS    30031810 000019
10231987175000168817800093673    000010602                    000106020000000000000109                     I0210602     30031800000000035003410000017N200218104700000000000103003180000000000000000000000000000000000000000100069052735700ROSANE MARQUES FERREIRA                 ESTRADA DO TINGUI N 2315 CASA 24        CAMPO GRANDE23075006RIO DE JANEIRO RJUNIAO UMB DOS CULTOS AFRO BRAS    30031810 000020
10231987175000168817800093673    000010336                    000103360000000000000109                     I3410336     30031800000000035003410000017N200218104700000000000103003180000000000000000000000000000000000000000100000261600729ELIANE ZELIA DE OLIVEIRA                RUA VENANCIO AIRES, 1781                GRAMACHO - D25035340DUQUE DE CAXIASRJUNIAO UMB DOS CULTOS AFRO BRAS    30031810 000021
10231987175000168817800093673    000010334                    000103340000000000000109                     I3410334     30031800000000035003410000017N200218104700000000000103003180000000000000000000000000000000000000000100002202729720ANA CLAUDIA NEVES BARRETO               RUA ACARA, 402                          VAZ LOBO    21361310RIO DE JANEIRO RJUNIAO UMB DOS CULTOS AFRO BRAS    30031810 000022
10231987175000168817800093673    000010328                    000103280000000000000109                     I3410328     30031800000000035003410000017N200218104700000000000103003180000000000000000000000000000000000000000100010910780765TIAGO DE ANDRADE ALMEIDA                RUA PAULO DE FRONTIM , 29               GOVERNADOR P26910000MIGUEL PEREIRA RJUNIAO UMB DOS CULTOS AFRO BRAS    30031810 000023
10231987175000168817800093673    000010168                    000101680000000000000109                     I0210168     30031800000000035003410000017N200218104700000000000103003180000000000000000000000000000000000000000100014324870780ANDREY SANTOS ESTEVES                   RUA GENERAL SEZEFREDO, 7 - REALENGO     REALENGO/RJ 21715060RIO DE JANEIRO RJUNIAO UMB DOS CULTOS AFRO BRAS    30031810 000024
10231987175000168817800093673    00009926                     000099260000000000000109                     I349926      30031800000000035003410000017N200218104700000000000103003180000000000000000000000000000000000000000100040215326768ANTONIO JOAQUIM DOS SANTOS FIL          RUA SAO FRANCISCO, 137 - CANTO DO RIO   SEROPEDICA -23890000RIO DE JANEIRO RJUNIAO UMB DOS CULTOS AFRO BRAS    30031810 000025
10231987175000168817800093673    00009925                     000099250000000000000109                     I349925      30031800000000035003410000017N200218104700000000000103003180000000000000000000000000000000000000000100077220145772ANGELA MARIA VIANA DOS SANTOS           RUA ANTONIO ALEXANDRE DE OLIVEIRA, 276  CENTRO - SAO25515050SAO JOAO DE MERRJUNIAO UMB DOS CULTOS AFRO BRAS    30031810 000026
10231987175000168817800093673    00009255                     000092550000000000000109                     I029255      30031800000000035003410000017N200218104700000000000103003180000000000000000000000000000000000000000100058739920704ELISABETH DE OLIVEIRA LOUREDO           EST: COMANDANTE LUIZ SOUTO Nº 509 C/ 4DTANQUE - JAC22733040RIO DE JANEIRO RJUNIAO UMB DOS CULTOS AFRO BRAS    30031810 000027
10231987175000168817800093673    00009172                     000091720000000000000109                     I029172      30031800000000035003410000017N200218104700000000000103003180000000000000000000000000000000000000000100031569250715JORGE FRANCISCO SANTOS                  EXPEDICIONARIO SEBASTIAO RIBEIRO, 142   COLUBANDE - 24451710SAO GONCALO    RJUNIAO UMB DOS CULTOS AFRO BRAS    30031810 000028
10231987175000168817800093673    00006978                     000069780000000000000109                     I346978      28021800000000035003410000017N271217104700000000000102802180000000000000000000000000000000000000000100050002317753IVO DE AZEVEDO COELHO                   RUA REVERINO ABIDIAS NOBRE, 277 CASA 1  COIMBRA - BA21105170RIO DE JANEIRO RJUNIAO UMB DOS CULTOS AFRO BRAS    28021810 000029
10231987175000168817800093673    00006919                     000069190000000000000109                     I346919      28021800000000035003410000017N271217104700000000000102802180000000000000000000000000000000000000000100083765778753MARCIA REGINA NUNES DA SILVA            RUA AXUA, 227 CASA 16                   TAQUARA - JA22713515RIO DE JANEIRO RJUNIAO UMB DOS CULTOS AFRO BRAS    28021810 000030
10231987175000168817800093673    00006841                     000068410000000000000109                     I026841      28021800000000035003410000017N271217104700000000000102802180000000000000000000000000000000000000000100014324870780ANDREY SANTOS ESTEVES                   RUA GENERAL SEZEFREDO, 7 - REALENGO     REALENGO/RJ 21715060RIO DE JANEIRO RJUNIAO UMB DOS CULTOS AFRO BRAS    28021810 000031
10231987175000168817800093673    00005900                     000059000000000000000109                     I025900      31011800000000035003410000017N261217104700000000000103101180000000000000000000000000000000000000000100009483806755MARCO ANTONIO ATAIDE DE MELO            TRAVESSA MARAPE N 3 FUNDOS              COSTA BARROS21515240RIO DE JANEIRO RJUNIAO UMB DOS CULTOS AFRO BRAS    31011810 000032
10231987175000168817800093673    00005669                     000056690000000000000109                     I345669      31011800000000035003410000017N261217104700000000000103101180000000000000000000000000000000000000000100083765778753MARCIA REGINA NUNES DA SILVA            RUA AXUA, 227 CASA 16                   TAQUARA - JA22713515RIO DE JANEIRO RJUNIAO UMB DOS CULTOS AFRO BRAS    31011810 000033
10231987175000168817800093673    00005591                     000055910000000000000109                     I025591      31011800000000035003410000017N261217104700000000000103101180000000000000000000000000000000000000000100014324870780ANDREY SANTOS ESTEVES                   RUA GENERAL SEZEFREDO, 7 - REALENGO     REALENGO/RJ 21715060RIO DE JANEIRO RJUNIAO UMB DOS CULTOS AFRO BRAS    31011810 000034
10231987175000168817800093673    00004935                     000049350000000000000109                     I024935      31011800000000035003410000017N261217104700000000000103101180000000000000000000000000000000000000000100058739920704ELISABETH DE OLIVEIRA LOUREDO           EST: COMANDANTE LUIZ SOUTO Nº 509 C/ 4DTANQUE - JAC22733040RIO DE JANEIRO RJUNIAO UMB DOS CULTOS AFRO BRAS    31011810 000035
9                                                                                                                                                                                                                                                                                                                                                                                                         000036
