01REMESSA01COBRANCA       817800093673        União Umb dos Cultos Afro Bra341BANCO ITAU SA  180918                                                                                                                                                                                                                                                                                                      000001
10231987175000168817800093673    000028615                    000286150000000000000109                     I3428615     05091800000000035003410000017N300818104700000000000100509180000000000000000000000000000000000000000100004790121720IATA ANDERSON JESUS PEREIRA             RUA ITAJUBARA                           RAMOS       21060180RIO DE JANEIRO RJUNIAO UMB DOS CULTOS AFRO BRAS    05091810 000002
10231987175000168817800093673    000028565                    000285650000000000000109                     I0228565     30111800000000035003410000017N230818104700000000000103011180000000000000000000000000000000000000000100040375161791JORGE LUIZ NOGUEIRA                     ESTRADA CAPOEIRA GRANDE                 GUARATIBA   23026220RIO DE JANEIRO RJUNIAO UMB DOS CULTOS AFRO BRAS    30111810 000003
10231987175000168817800093673    000028564                    000285640000000000000109                     I0228564     30101800000000035003410000017N230818104700000000000103010180000000000000000000000000000000000000000100040375161791JORGE LUIZ NOGUEIRA                     ESTRADA CAPOEIRA GRANDE                 GUARATIBA   23026220RIO DE JANEIRO RJUNIAO UMB DOS CULTOS AFRO BRAS    30101810 000004
10231987175000168817800093673    000028558                    000285580000000000000109                     I3428558     30091800000000035003410000017N230818104700000000000103009180000000000000000000000000000000000000000100000412773767LUIZA MARTA ADAO                        RUA: ECLIPSE                            GUANDU      26032835JAPERI         RJUNIAO UMB DOS CULTOS AFRO BRAS    30091810 000005
10231987175000168817800093673    000028015                    000280150000000000000109                     I0228015     30111800000000035003410000017N200818104700000000000103011180000000000000000000000000000000000000000100090158601734ANDRILEA PEREIRA BAPTISTA               RUA TELEFONICA                          JARDIM METRO25575080SAO JOAO DE MERRJUNIAO UMB DOS CULTOS AFRO BRAS    30111810 000006
10231987175000168817800093673    000027950                    000279500000000000000109                     I3427950     30111800000000035003410000017N200818104700000000000103011180000000000000000000000000000000000000000100011790209790NOILDA SANTIAGO DA SILVA                RUA ADRIANA                             VALVERDE    26290645NOVA IGUACU    RJUNIAO UMB DOS CULTOS AFRO BRAS    30111810 000007
10231987175000168817800093673    000027353                    000273530000000000000109                     I0227353     30111800000000035003410000017N200818104700000000000103011180000000000000000000000000000000000000000100033745226704LUIZA MARIA DO NASCIMENTO MARQ          CESARIO DE MELO 9756 RUA C 1 LT 10 QD C MONTE SERRA 23028050RIO DE JANEIRO RJUNIAO UMB DOS CULTOS AFRO BRAS    30111810 000008
10231987175000168817800093673    000027106                    000271060000000000000109                     I0227106     30111800000000035003410000017N200818104700000000000103011180000000000000000000000000000000000000000100000000000544DELIA VIEIRA DA COSTA                   RUA: CAPITAO BORGES COUTO               SENADOR CAMA21832300RIO DE JANEIRO RJUNIAO UMB DOS CULTOS AFRO BRAS    30111810 000009
10231987175000168817800093673    000026992                    000269920000000000000109                     I3426992     30091800000000035003410000017N200818104700000000000103009180000000000000000000000000000000000000000100000905236793ROSE GREGO SILVA DE SOUZA               RUA FLEXAL                              INHAUMA     20766610RIO DE JANEIRO RJUNIAO UMB DOS CULTOS AFRO BRAS    30091810 000010
10231987175000168817800093673    000026787                    000267870000000000000109                     I3426787     30091800000000035003410000017N200818104700000000000103009180000000000000000000000000000000000000000100002362714748MAGLENE GOMES ARAUJO                    RUA TENENTE PINTO DUARTE                BENTO RIBEIR21550370RIO DE JANEIRO RJUNIAO UMB DOS CULTOS AFRO BRAS    30091810 000011
10231987175000168817800093673    000026595                    000265950000000000000109                     I0226595     30091800000000035003410000017N200818104700000000000103009180000000000000000000000000000000000000000100090158601734ANDRILEA PEREIRA BAPTISTA               RUA TELEFONICA                          JARDIM METRO25575080SAO JOAO DE MERRJUNIAO UMB DOS CULTOS AFRO BRAS    30091810 000012
10231987175000168817800093673    000026426                    000264260000000000000109                     I3426426     30091800000000035003410000017N200818104700000000000103009180000000000000000000000000000000000000000100070175225753LEDA FERREIRA FIGUEIREDO                RUA: SANTA ROSA                         BENTO RIBEIR21331420RIO DE JANEIRO RJUNIAO UMB DOS CULTOS AFRO BRAS    30091810 000013
10231987175000168817800093673    000026182                    000261820000000000000109                     I3426182     30091800000000035003410000017N200818104700000000000103009180000000000000000000000000000000000000000100000633999709KATIA REGINA LEITE RAMOS                RUA GUIRATIM                            IRAJA       21371410RIO DE JANEIRO RJUNIAO UMB DOS CULTOS AFRO BRAS    30091810 000014
10231987175000168817800093673    000025943                    000259430000000000000109                     I3425943     30091800000000035003410000017N200818104700000000000103009180000000000000000000000000000000000000000100008763637707JUSSARA SILVA DE ALBUQUERQUE            RUA: ARGOS Nº 281 FUNDOS - GUADALUPE   RIO DE JANEI21660050RIO DE JANEIRO RJUNIAO UMB DOS CULTOS AFRO BRAS    30091810 000015
10231987175000168817800093673    000025937                    000259370000000000000109                     I0225937     30091800000000035003410000017N200818104700000000000103009180000000000000000000000000000000000000000100033745226704LUIZA MARIA DO NASCIMENTO MARQ          CESARIO DE MELO 9756 RUA C 1 LT 10 QD C MONTE SERRA 23028050RIO DE JANEIRO RJUNIAO UMB DOS CULTOS AFRO BRAS    30091810 000016
10231987175000168817800093673    000025923                    000259230000000000000109                     I3425923     30091800000000035003410000017N200818104700000000000103009180000000000000000000000000000000000000000100000000000267ADRIANA SANTOS DA SILVA                 RUA URBANO DUARTE N 199                 VILA ROSARIO25042300DUQUE DE CAXIASRJUNIAO UMB DOS CULTOS AFRO BRAS    30091810 000017
10231987175000168817800093673    000025692                    000256920000000000000109                     I0225692     30091800000000035003410000017N200818104700000000000103009180000000000000000000000000000000000000000100000000000544DELIA VIEIRA DA COSTA                   RUA: CAPITAO BORGES COUTO               SENADOR CAMA21832300RIO DE JANEIRO RJUNIAO UMB DOS CULTOS AFRO BRAS    30091810 000018
10231987175000168817800093673    000025656                    000256560000000000000109                     I0225656     30091800000000040003410000017N200818104700000000000103009180000000000000000000000000000000000000000100000000000089LENIR SILVA MAFRA                       RUA: JOAO BARBALHO                      QUINTINO BOC20740010RIO DE JANEIRO RJUNIAO UMB DOS CULTOS AFRO BRAS    30091810 000019
10231987175000168817800093673    000025178                    000251780000000000000109                     I0225178     30101800000000035003410000017N200818104700000000000103010180000000000000000000000000000000000000000100090158601734ANDRILEA PEREIRA BAPTISTA               RUA TELEFONICA                          JARDIM METRO25575080SAO JOAO DE MERRJUNIAO UMB DOS CULTOS AFRO BRAS    30101810 000020
10231987175000168817800093673    000025113                    000251130000000000000109                     I3425113     30101800000000035003410000017N200818104700000000000103010180000000000000000000000000000000000000000100011790209790NOILDA SANTIAGO DA SILVA                RUA ADRIANA                             VALVERDE    26290645NOVA IGUACU    RJUNIAO UMB DOS CULTOS AFRO BRAS    30101810 000021
10231987175000168817800093673    000025008                    000250080000000000000109                     I3425008     30101800000000035003410000017N200818104700000000000103010180000000000000000000000000000000000000000100070175225753LEDA FERREIRA FIGUEIREDO                RUA: SANTA ROSA                         BENTO RIBEIR21331420RIO DE JANEIRO RJUNIAO UMB DOS CULTOS AFRO BRAS    30101810 000022
10231987175000168817800093673    000024517                    000245170000000000000109                     I0224517     30101800000000035003410000017N200818104700000000000103010180000000000000000000000000000000000000000100033745226704LUIZA MARIA DO NASCIMENTO MARQ          CESARIO DE MELO 9756 RUA C 1 LT 10 QD C MONTE SERRA 23028050RIO DE JANEIRO RJUNIAO UMB DOS CULTOS AFRO BRAS    30101810 000023
10231987175000168817800093673    000024272                    000242720000000000000109                     I0224272     30101800000000035003410000017N200818104700000000000103010180000000000000000000000000000000000000000100000000000544DELIA VIEIRA DA COSTA                   RUA: CAPITAO BORGES COUTO               SENADOR CAMA21832300RIO DE JANEIRO RJUNIAO UMB DOS CULTOS AFRO BRAS    30101810 000024
9                                                                                                                                                                                                                                                                                                                                                                                                         000025
