01REMESSA01COBRANCA       916200163100        União Umb dos Cultos Afro Bra341BANCO ITAU SA  250619                                                                                                                                                                                                                                                                                                      000001
10231987175000168916200163100    000049789                    000497890000000000000109                     I0149789     30091900000000040003410000017N250619105700000000000133009190000000000000000000000000000000000000000100055256767704SOLANGE DOS SANTOS SILVA                RUA QUATORZEN 0, LOTE 35 CASA 131 - ARAUCAMPO GRANDE23090370RIO DE JANEIRO RJUNIAO UMB DOS CULTOS AFRO BRAS    30091915 000002
21300920190000000000080                                                                                                                                                                                                                                                                                                                                                                                   000003
10231987175000168916200163100    000049788                    000497880000000000000109                     I0149788     30081900000000040003410000017N250619105700000000000133008190000000000000000000000000000000000000000100055256767704SOLANGE DOS SANTOS SILVA                RUA QUATORZEN 0, LOTE 35 CASA 131 - ARAUCAMPO GRANDE23090370RIO DE JANEIRO RJUNIAO UMB DOS CULTOS AFRO BRAS    30081915 000004
21300820190000000000080                                                                                                                                                                                                                                                                                                                                                                                   000005
10231987175000168916200163100    000049787                    000497870000000000000109                     I0149787     30071900000000040003410000017N250619105700000000000133007190000000000000000000000000000000000000000100055256767704SOLANGE DOS SANTOS SILVA                RUA QUATORZEN 0, LOTE 35 CASA 131 - ARAUCAMPO GRANDE23090370RIO DE JANEIRO RJUNIAO UMB DOS CULTOS AFRO BRAS    30071915 000006
21300720190000000000080                                                                                                                                                                                                                                                                                                                                                                                   000007
10231987175000168916200163100    000049786                    000497860000000000000109                     I0149786     30091900000000040003410000017N250619105700000000000133009190000000000000000000000000000000000000000100060495901768ANA CRISTINA PAVAO BARONI               RUA JOSE LOURENCO DE CASTILHON 197, FUNDJARDIM TROPI26012775NOVA IGUACU    RJUNIAO UMB DOS CULTOS AFRO BRAS    30091915 000008
21300920190000000000080                                                                                                                                                                                                                                                                                                                                                                                   000009
10231987175000168916200163100    000049785                    000497850000000000000109                     I0149785     30081900000000040003410000017N250619105700000000000133008190000000000000000000000000000000000000000100060495901768ANA CRISTINA PAVAO BARONI               RUA JOSE LOURENCO DE CASTILHON 197, FUNDJARDIM TROPI26012775NOVA IGUACU    RJUNIAO UMB DOS CULTOS AFRO BRAS    30081915 000010
21300820190000000000080                                                                                                                                                                                                                                                                                                                                                                                   000011
10231987175000168916200163100    000049784                    000497840000000000000109                     I0149784     30071900000000040003410000017N250619105700000000000133007190000000000000000000000000000000000000000100060495901768ANA CRISTINA PAVAO BARONI               RUA JOSE LOURENCO DE CASTILHON 197, FUNDJARDIM TROPI26012775NOVA IGUACU    RJUNIAO UMB DOS CULTOS AFRO BRAS    30071915 000012
21300720190000000000080                                                                                                                                                                                                                                                                                                                                                                                   000013
10231987175000168916200163100    000049783                    000497830000000000000109                     I0149783     30081900000000040003410000017N240619105700000000000133008190000000000000000000000000000000000000000100023867450749LEIA FARIAS DA SILVA                    RUA IGARAPE-ACUN 352, BLOCO 16 APTº 303JACAREPAGUA 22783140RIO DE JANEIRO RJUNIAO UMB DOS CULTOS AFRO BRAS    30081915 000014
21300820190000000000080                                                                                                                                                                                                                                                                                                                                                                                   000015
10231987175000168916200163100    000049782                    000497820000000000000109                     I0149782     30081900000000040003410000017N240619105700000000000133008190000000000000000000000000000000000000000100023867450749LEIA FARIAS DA SILVA                    RUA IGARAPE-ACUN 352, BLOCO 16 APTº 303JACAREPAGUA 22783140RIO DE JANEIRO RJUNIAO UMB DOS CULTOS AFRO BRAS    30081915 000016
21300820190000000000080                                                                                                                                                                                                                                                                                                                                                                                   000017
10231987175000168916200163100    000049781                    000497810000000000000109                     I0149781     31071900000000040003410000017N240619105700000000000133107190000000000000000000000000000000000000000100023867450749LEIA FARIAS DA SILVA                    RUA IGARAPE-ACUN 352, BLOCO 16 APTº 303JACAREPAGUA 22783140RIO DE JANEIRO RJUNIAO UMB DOS CULTOS AFRO BRAS    31071915 000018
21310720190000000000080                                                                                                                                                                                                                                                                                                                                                                                   000019
10231987175000168916200163100    000049780                    000497800000000000000109                     I0149780     30061900000000060003410000017N240619105700000000000203006190000000000000000000000000000000000000000100009082627795LUCIA MARIA DO NASCIMENTO PALM          RUA PAULA BARROSN 276, APT 101          VILA DA PENH21221420RIO DE JANEIRO RJUNIAO UMB DOS CULTOS AFRO BRAS    30061915 000020
21300620190000000000120                                                                                                                                                                                                                                                                                                                                                                                   000021
10231987175000168916200163100    000049779                    000497790000000000000109                     I0249779     30061900000000000003410000017N240619105700000000000003006190000000000000000000000000000000000000000100009082627795LUCIA MARIA DO NASCIMENTO PALM          RUA PAULA BARROSN 276, APT 101          VILA DA PENH21221420RIO DE JANEIRO RJUNIAO UMB DOS CULTOS AFRO BRAS    30061915 000022
10231987175000168916200163100    000049778                    000497780000000000000109                     I0149778     28061900000000080003410000017N240619105700000000000262806190000000000000000000000000000000000000000100042598907787IRACI CARDOSO DOS SANTOS                RUA LUIS FELICIANON 0, LOTE 16 QUADRA 76LARANJAL    24725370SAO GONCALO    RJUNIAO UMB DOS CULTOS AFRO BRAS    28061915 000023
21280620190000000000160                                                                                                                                                                                                                                                                                                                                                                                   000024
10231987175000168916200163100    000049777                    000497770000000000000109                     I0149777     30071900000000700003410000017N240619105700000000002313007190000000000000000000000000000000000000000100011726123740ALAN PATRICK BRITO MENDES               RUA JOSE VENANCIO DE SOUZAN 181,        CALIFORNIA  26225340NOVA IGUACU    RJUNIAO UMB DOS CULTOS AFRO BRAS    30071915 000025
21300720190000000001400                                                                                                                                                                                                                                                                                                                                                                                   000026
10231987175000168916200163100    000044200                    000442000000000000000109                     I0244200     30061900000000080003410000017N130319105700000000000263006190000000000000000000000000000000000000000100002819747728ANDRE RENATO DOS SANTOS VIANA           RUA: RODRIGUES ALVESN 0, LOTE 38 QUADRA VILA SAPE - 25275440DUQUE DE CAXIASRJUNIAO UMB DOS CULTOS AFRO BRAS    30061915 000027
21300620190000000000160                                                                                                                                                                                                                                                                                                                                                                                   000028
10231987175000168916200163100    000044002                    000440020000000000000109                     I0244002     30061900000000040003410000017N130319105700000000000133006190000000000000000000000000000000000000000100008679284769ANA PAULA DA SILVA BRAGA                RUA ELVIRA DA FONSECAN 149, CASA 1 FUNDOTANQUE      22733150RIO DE JANEIRO RJUNIAO UMB DOS CULTOS AFRO BRAS    30061915 000029
21300620190000000000080                                                                                                                                                                                                                                                                                                                                                                                   000030
10231987175000168916200163100    000043892                    000438920000000000000109                     I0243892     30061900000000040003410000017N130319105700000000000133006190000000000000000000000000000000000000000100042598907787IRACI CARDOSO DOS SANTOS                RUA LUIS FELICIANON 0, LOTE 16 QUADRA 76LARANJAL    24725370SAO GONCALO    RJUNIAO UMB DOS CULTOS AFRO BRAS    30061915 000031
21300620190000000000080                                                                                                                                                                                                                                                                                                                                                                                   000032
10231987175000168916200163100    000043730                    000437300000000000000109                     I0243730     30061900000000040003410000017N130319105700000000000133006190000000000000000000000000000000000000000100060296836168ALEXANDRE MONTEIRO DA ROSA              RUA MONTE CASTELON 143,                 CORONEL VEIG25655500PETROPOLIS     RJUNIAO UMB DOS CULTOS AFRO BRAS    30061915 000033
21300620190000000000080                                                                                                                                                                                                                                                                                                                                                                                   000034
10231987175000168916200163100    000043124                    000431240000000000000109                     I3443124     30051900000000040003410000017N130319105700000000000133005190000000000000000000000000000000000000000100016085389744LUCIANO MARTINS DE OLIVEIRA             RUA OITENTA E OITON 50, FUNDOS          TUBIACANGA  21932797RIO DE JANEIRO RJUNIAO UMB DOS CULTOS AFRO BRAS    30051915 000035
21300520190000000000080                                                                                                                                                                                                                                                                                                                                                                                   000036
10231987175000168916200163100    000043074                    000430740000000000000109                     I0243074     30051900000000040003410000017N130319105700000000000133005190000000000000000000000000000000000000000100016931588761IGOR RODRIGUES DA SILVA                 RUA LICINIO BARCELOSN 367,              IRAJA       21235190RIO DE JANEIRO RJUNIAO UMB DOS CULTOS AFRO BRAS    30051915 000037
21300520190000000000080                                                                                                                                                                                                                                                                                                                                                                                   000038
10231987175000168916200163100    000042554                    000425540000000000000109                     I0242554     30051900000000080003410000017N130319105700000000000263005190000000000000000000000000000000000000000100002819747728ANDRE RENATO DOS SANTOS VIANA           RUA: RODRIGUES ALVESN 0, LOTE 38 QUADRA VILA SAPE - 25275440DUQUE DE CAXIASRJUNIAO UMB DOS CULTOS AFRO BRAS    30051915 000039
21300520190000000000160                                                                                                                                                                                                                                                                                                                                                                                   000040
10231987175000168916200163100    000042356                    000423560000000000000109                     I0242356     30051900000000040003410000017N130319105700000000000133005190000000000000000000000000000000000000000100008679284769ANA PAULA DA SILVA BRAGA                RUA ELVIRA DA FONSECAN 149, CASA 1 FUNDOTANQUE      22733150RIO DE JANEIRO RJUNIAO UMB DOS CULTOS AFRO BRAS    30051915 000041
21300520190000000000080                                                                                                                                                                                                                                                                                                                                                                                   000042
10231987175000168916200163100    000042247                    000422470000000000000109                     I0242247     30051900000000040003410000017N130319105700000000000133005190000000000000000000000000000000000000000100042598907787IRACI CARDOSO DOS SANTOS                RUA LUIS FELICIANON 0, LOTE 16 QUADRA 76LARANJAL    24725370SAO GONCALO    RJUNIAO UMB DOS CULTOS AFRO BRAS    30051915 000043
21300520190000000000080                                                                                                                                                                                                                                                                                                                                                                                   000044
10231987175000168916200163100    000042086                    000420860000000000000109                     I0242086     30051900000000040003410000017N130319105700000000000133005190000000000000000000000000000000000000000100060296836168ALEXANDRE MONTEIRO DA ROSA              RUA MONTE CASTELON 143,                 CORONEL VEIG25655500PETROPOLIS     RJUNIAO UMB DOS CULTOS AFRO BRAS    30051915 000045
21300520190000000000080                                                                                                                                                                                                                                                                                                                                                                                   000046
10231987175000168916200163100    000041482                    000414820000000000000109                     I3441482     30041900000000040003410000017N120319105700000000000133004190000000000000000000000000000000000000000100016085389744LUCIANO MARTINS DE OLIVEIRA             RUA OITENTA E OITON 50, FUNDOS          TUBIACANGA  21932797RIO DE JANEIRO RJUNIAO UMB DOS CULTOS AFRO BRAS    30041915 000047
21300420190000000000080                                                                                                                                                                                                                                                                                                                                                                                   000048
10231987175000168916200163100    000041432                    000414320000000000000109                     I0241432     30041900000000040003410000017N120319105700000000000133004190000000000000000000000000000000000000000100016931588761IGOR RODRIGUES DA SILVA                 RUA LICINIO BARCELOSN 367,              IRAJA       21235190RIO DE JANEIRO RJUNIAO UMB DOS CULTOS AFRO BRAS    30041915 000049
21300420190000000000080                                                                                                                                                                                                                                                                                                                                                                                   000050
10231987175000168916200163100    000040917                    000409170000000000000109                     I0240917     30041900000000080003410000017N120319105700000000000263004190000000000000000000000000000000000000000100002819747728ANDRE RENATO DOS SANTOS VIANA           RUA: RODRIGUES ALVESN 0, LOTE 38 QUADRA VILA SAPE - 25275440DUQUE DE CAXIASRJUNIAO UMB DOS CULTOS AFRO BRAS    30041915 000051
21300420190000000000160                                                                                                                                                                                                                                                                                                                                                                                   000052
10231987175000168916200163100    000040719                    000407190000000000000109                     I0240719     30041900000000040003410000017N120319105700000000000133004190000000000000000000000000000000000000000100008679284769ANA PAULA DA SILVA BRAGA                RUA ELVIRA DA FONSECAN 149, CASA 1 FUNDOTANQUE      22733150RIO DE JANEIRO RJUNIAO UMB DOS CULTOS AFRO BRAS    30041915 000053
21300420190000000000080                                                                                                                                                                                                                                                                                                                                                                                   000054
10231987175000168916200163100    000040610                    000406100000000000000109                     I0240610     30041900000000040003410000017N120319105700000000000133004190000000000000000000000000000000000000000100042598907787IRACI CARDOSO DOS SANTOS                RUA LUIS FELICIANON 0, LOTE 16 QUADRA 76LARANJAL    24725370SAO GONCALO    RJUNIAO UMB DOS CULTOS AFRO BRAS    30041915 000055
21300420190000000000080                                                                                                                                                                                                                                                                                                                                                                                   000056
10231987175000168916200163100    000040452                    000404520000000000000109                     I0240452     30041900000000040003410000017N120319105700000000000133004190000000000000000000000000000000000000000100060296836168ALEXANDRE MONTEIRO DA ROSA              RUA MONTE CASTELON 143,                 CORONEL VEIG25655500PETROPOLIS     RJUNIAO UMB DOS CULTOS AFRO BRAS    30041915 000057
21300420190000000000080                                                                                                                                                                                                                                                                                                                                                                                   000058
9                                                                                                                                                                                                                                                                                                                                                                                                         000059
