01REMESSA01COBRANCA       916200163100        União Umb dos Cultos Afro Bra341BANCO ITAU SA  290419                                                                                                                                                                                                                                                                                                      000001
10231987175000168916200163100    000045170                    000451700000000000000109                     I0145170     20051900000000400003410000017N290419105700000000000102005190000000000000000000000000000000000000000100001403243727FRANCISCA NEILA SILVA DE MENDO          RUA PANAMAN 651,                        SAO JOSE    92420060CANOAS         RSUNIAO UMB DOS CULTOS AFRO BRAS    20051915 000002
10231987175000168916200163100    000045169                    000451690000000000000109                     I0145169     30061900000000040003410000017N290419105700000000000103006190000000000000000000000000000000000000000100068661533791FERNANDO MAURO DA COSTA                 RUA PRIMEIRO DE MAION 0, LOTES 33 E 34  IPIRANGA    26293357NOVA IGUACU    RJUNIAO UMB DOS CULTOS AFRO BRAS    30061915 000003
10231987175000168916200163100    000045168                    000451680000000000000109                     I0145168     30051900000000040003410000017N290419105700000000000103005190000000000000000000000000000000000000000100068661533791FERNANDO MAURO DA COSTA                 RUA PRIMEIRO DE MAION 0, LOTES 33 E 34  IPIRANGA    26293357NOVA IGUACU    RJUNIAO UMB DOS CULTOS AFRO BRAS    30051915 000004
10231987175000168916200163100    000045167                    000451670000000000000109                     I0145167     30061900000000040003410000017N290419105700000000000103006190000000000000000000000000000000000000000100011304236706GETULIO FERNANDES DA SILVA              RUA PARAISON 0, LOTE 2 QUADRA 50        CABUCU      26291446NOVA IGUACU    RJUNIAO UMB DOS CULTOS AFRO BRAS    30061915 000005
10231987175000168916200163100    000045166                    000451660000000000000109                     I0145166     30051900000000040003410000017N290419105700000000000103005190000000000000000000000000000000000000000100011304236706GETULIO FERNANDES DA SILVA              RUA PARAISON 0, LOTE 2 QUADRA 50        CABUCU      26291446NOVA IGUACU    RJUNIAO UMB DOS CULTOS AFRO BRAS    30051915 000006
10231987175000168916200163100    000045165                    000451650000000000000109                     I0145165     30061900000000040003410000017N290419105700000000000103006190000000000000000000000000000000000000000100001329905717MARCIA HELENA PEIXOTO GOMES             RUA GUILHERME SALES DE OLIVEIRAN 210,   VALVERDE    26290819NOVA IGUACU    RJUNIAO UMB DOS CULTOS AFRO BRAS    30061915 000007
10231987175000168916200163100    000045164                    000451640000000000000109                     I0145164     30051900000000040003410000017N290419105700000000000103005190000000000000000000000000000000000000000100001329905717MARCIA HELENA PEIXOTO GOMES             RUA GUILHERME SALES DE OLIVEIRAN 210,   VALVERDE    26290819NOVA IGUACU    RJUNIAO UMB DOS CULTOS AFRO BRAS    30051915 000008
10231987175000168916200163100    000045163                    000451630000000000000109                     I0145163     30061900000000040003410000017N290419105700000000000103006190000000000000000000000000000000000000000100081294263749MARIA CLELIA SILVA BRAGA                RUA SEIS DE ABRILN 0,  LOTE 29 QUADRA 21IPIRANGA    26293336NOVA IGUACU    RJUNIAO UMB DOS CULTOS AFRO BRAS    30061915 000009
10231987175000168916200163100    000045162                    000451620000000000000109                     I0145162     30051900000000040003410000017N290419105700000000000103005190000000000000000000000000000000000000000100081294263749MARIA CLELIA SILVA BRAGA                RUA SEIS DE ABRILN 0,  LOTE 29 QUADRA 21IPIRANGA    26293336NOVA IGUACU    RJUNIAO UMB DOS CULTOS AFRO BRAS    30051915 000010
10231987175000168916200163100    000045161                    000451610000000000000109                     I0145161     30061900000000040003410000017N290419105700000000000103006190000000000000000000000000000000000000000100078552214768MARCOS TEIXEIRA DOS SANTOS              RUA FRANCISCA HAIDENN 125, CASA 2       BONSUCESSO  21032090RIO DE JANEIRO RJUNIAO UMB DOS CULTOS AFRO BRAS    30061915 000011
10231987175000168916200163100    000045160                    000451600000000000000109                     I0145160     31051900000000040003410000017N290419105700000000000103105190000000000000000000000000000000000000000100078552214768MARCOS TEIXEIRA DOS SANTOS              RUA FRANCISCA HAIDENN 125, CASA 2       BONSUCESSO  21032090RIO DE JANEIRO RJUNIAO UMB DOS CULTOS AFRO BRAS    31051915 000012
10231987175000168916200163100    000045159                    000451590000000000000109                     I0145159     10051900000000420003410000017N290419105700000000000101005190000000000000000000000000000000000000000100032052634720MARIA APARECIDA CORREA E CASTR          PRACA BARAO DE DRUMONDN 9, APTº 203    VILA ISABEL 20560020RIO DE JANEIRO RJUNIAO UMB DOS CULTOS AFRO BRAS    10051915 000013
10231987175000168916200163100    000045158                    000451580000000000000109                     I0145158     30061900000000040003410000017N290419105700000000000103006190000000000000000000000000000000000000000100004428120788LUCINEA DEBORA DOS SANTOS               RUA JACATIRAON 272, CASA 4 (RUA LAURO ARCAROLINA    25060140DUQUE DE CAXIASRJUNIAO UMB DOS CULTOS AFRO BRAS    30061915 000014
10231987175000168916200163100    000045157                    000451570000000000000109                     I0145157     30051900000000040003410000017N290419105700000000000103005190000000000000000000000000000000000000000100004428120788LUCINEA DEBORA DOS SANTOS               RUA JACATIRAON 272, CASA 4 (RUA LAURO ARCAROLINA    25060140DUQUE DE CAXIASRJUNIAO UMB DOS CULTOS AFRO BRAS    30051915 000015
10231987175000168916200163100    000045156                    000451560000000000000109                     I0145156     30061900000000040003410000017N290419105700000000000103006190000000000000000000000000000000000000000100064992721753REGINA DA SILVA RANGEL                  RUA SERGIO MARTINS DA MOTAN 753,        CABUCU      26291362NOVA IGUACU    RJUNIAO UMB DOS CULTOS AFRO BRAS    30061915 000016
10231987175000168916200163100    000045155                    000451550000000000000109                     I0145155     30051900000000040003410000017N290419105700000000000103005190000000000000000000000000000000000000000100064992721753REGINA DA SILVA RANGEL                  RUA SERGIO MARTINS DA MOTAN 753,        CABUCU      26291362NOVA IGUACU    RJUNIAO UMB DOS CULTOS AFRO BRAS    30051915 000017
10231987175000168916200163100    000045154                    000451540000000000000109                     I0145154     31051900000000120003410000017N290419105700000000000103105190000000000000000000000000000000000000000100001796220728MARIA ROSA ALVES DA SILVA               RUA DOUTOR JOAQUIM OTTONIN 389,         PARQUE SENHO25025325DUQUE DE CAXIASRJUNIAO UMB DOS CULTOS AFRO BRAS    31051915 000018
10231987175000168916200163100    000045153                    000451530000000000000109                     I0145153     22051900000000040003410000017N290419105700000000000102205190000000000000000000000000000000000000000100001796220728MARIA ROSA ALVES DA SILVA               RUA DOUTOR JOAQUIM OTTONIN 389,         PARQUE SENHO25025325DUQUE DE CAXIASRJUNIAO UMB DOS CULTOS AFRO BRAS    22051915 000019
10231987175000168916200163100    000045152                    000451520000000000000109                     I0145152     30061900000000040003410000017N290419105700000000000103006190000000000000000000000000000000000000000100013370546744DIEGO LINO VASCONCELOS                  AVENIDA MAUAN 0, TRAVESSA DOIS - LOTE 2 GRANJA SANTA25937244MAGE           RJUNIAO UMB DOS CULTOS AFRO BRAS    30061915 000020
10231987175000168916200163100    000045151                    000451510000000000000109                     I0145151     30051900000000040003410000017N290419105700000000000103005190000000000000000000000000000000000000000100013370546744DIEGO LINO VASCONCELOS                  AVENIDA MAUAN 0, TRAVESSA DOIS - LOTE 2 GRANJA SANTA25937244MAGE           RJUNIAO UMB DOS CULTOS AFRO BRAS    30051915 000021
10231987175000168916200163100    000045150                    000451500000000000000109                     I0145150     10051900000000240003410000017N290419105700000000000101005190000000000000000000000000000000000000000100008478002707ALEXSANDRO JOAO MARTINS                 RUA CARMO DO RIO CLARON 266,            SAO GABRIEL 26021830NOVA IGUACU    RJUNIAO UMB DOS CULTOS AFRO BRAS    10051915 000022
10231987175000168916200163100    000044219                    000442190000000000000109                     I0244219     30061900000000040003410000017N130319105700000000000103006190000000000000000000000000000000000000000100049630563720SANDRA DOS SANTOS                       RUA ASTECAN 0, LOTE 1 QUADRA 4          JARDIM CACHO26053540NOVA IGUACU    RJUNIAO UMB DOS CULTOS AFRO BRAS    30061915 000023
10231987175000168916200163100    000044162                    000441620000000000000109                     I0244162     30061900000000040003410000017N130319105700000000000103006190000000000000000000000000000000000000000100051562430700EMILIA SANTANA MORAIS                   RUA JORNALISTA MOACIR PADILHAN 276, FUNDCENTRO      24020350NITEROI        RJUNIAO UMB DOS CULTOS AFRO BRAS    30061915 000024
10231987175000168916200163100    000042573                    000425730000000000000109                     I0242573     30051900000000040003410000017N130319105700000000000103005190000000000000000000000000000000000000000100049630563720SANDRA DOS SANTOS                       RUA ASTECAN 0, LOTE 1 QUADRA 4          JARDIM CACHO26053540NOVA IGUACU    RJUNIAO UMB DOS CULTOS AFRO BRAS    30051915 000025
10231987175000168916200163100    000042516                    000425160000000000000109                     I0242516     30051900000000040003410000017N130319105700000000000103005190000000000000000000000000000000000000000100051562430700EMILIA SANTANA MORAIS                   RUA JORNALISTA MOACIR PADILHAN 276, FUNDCENTRO      24020350NITEROI        RJUNIAO UMB DOS CULTOS AFRO BRAS    30051915 000026
10231987175000168916200163100    000040936                    000409360000000000000109                     I0240936     30041900000000040003410000017N120319105700000000000103004190000000000000000000000000000000000000000100049630563720SANDRA DOS SANTOS                       RUA ASTECAN 0, LOTE 1 QUADRA 4          JARDIM CACHO26053540NOVA IGUACU    RJUNIAO UMB DOS CULTOS AFRO BRAS    30041915 000027
10231987175000168916200163100    000040879                    000408790000000000000109                     I0240879     30041900000000040003410000017N120319105700000000000103004190000000000000000000000000000000000000000100051562430700EMILIA SANTANA MORAIS                   RUA JORNALISTA MOACIR PADILHAN 276, FUNDCENTRO      24020350NITEROI        RJUNIAO UMB DOS CULTOS AFRO BRAS    30041915 000028
10231987175000168916200163100    000039982                    000399820000000000000109                     I0239982     30041900000000040003410000017N120319105700000000000103004190000000000000000000000000000000000000000100001796220728MARIA ROSA ALVES DA SILVA               RUA DOUTOR JOAQUIM OTTONIN 389,         PARQUE SENHO25025325DUQUE DE CAXIASRJUNIAO UMB DOS CULTOS AFRO BRAS    30041915 000029
9                                                                                                                                                                                                                                                                                                                                                                                                         000030
