01REMESSA01COBRANCA       817800093673        União Umb dos Cultos Afro Bra341BANCO ITAU SA  020418                                                                                                                                                                                                                                                                                                      000001
10231987175000168817800093673    000014309                    000143090000000000000109                     I0114309     04041800000000350003410000017N020418104700000000000100404180000000000000000000000000000000000000000100001230403701DENILSON MOTA DRUMOND                   RUA, ALVES DA COSTA Nº 24 - ITAIPU     CHANGRILA - 26140320BELFORD ROXO   RJUNIAO UMB DOS CULTOS AFRO BRAS    04041810 000002
10231987175000168817800093673    000014308                    000143080000000000000109                     I0114308     30051800000000245003410000017N020418104700000000000103005180000000000000000000000000000000000000000100034415688772JORGE FERNANDES BEZERRA                 RUA LEOCADIA 565                        REALENGO    21770190RIO DE JANEIRO RJUNIAO UMB DOS CULTOS AFRO BRAS    30051810 000003
10231987175000168817800093673    000014307                    000143070000000000000109                     I0114307     15051800000000245003410000017N020418104700000000000101505180000000000000000000000000000000000000000100034415688772JORGE FERNANDES BEZERRA                 RUA LEOCADIA 565                        REALENGO    21770190RIO DE JANEIRO RJUNIAO UMB DOS CULTOS AFRO BRAS    15051810 000004
10231987175000168817800093673    000014306                    000143060000000000000109                     I0114306     30041800000000245003410000017N020418104700000000000103004180000000000000000000000000000000000000000100034415688772JORGE FERNANDES BEZERRA                 RUA LEOCADIA 565                        REALENGO    21770190RIO DE JANEIRO RJUNIAO UMB DOS CULTOS AFRO BRAS    30041810 000005
10231987175000168817800093673    000014305                    000143050000000000000109                     I0114305     30051800000000040003410000017N020418104700000000000103005180000000000000000000000000000000000000000100082187401715JOSE AUGUSTO DA PAIXAO                  RUA GOMES CARNEIRO                      SARACURUNA  25211050DUQUE DE CAXIASRJUNIAO UMB DOS CULTOS AFRO BRAS    30051810 000006
10231987175000168817800093673    000014304                    000143040000000000000109                     I0114304     30041800000000040003410000017N020418104700000000000103004180000000000000000000000000000000000000000100082187401715JOSE AUGUSTO DA PAIXAO                  RUA GOMES CARNEIRO                      SARACURUNA  25211050DUQUE DE CAXIASRJUNIAO UMB DOS CULTOS AFRO BRAS    30041810 000007
10231987175000168817800093673    000014303                    000143030000000000000109                     I0114303     30051800000000040003410000017N020418104700000000000103005180000000000000000000000000000000000000000100011622292766ROBERT HELENO MACEDO                    TRAVESSA JOSE CARRETEIRO                ENGENHOCA   24110444NITEROI        RJUNIAO UMB DOS CULTOS AFRO BRAS    30051810 000008
10231987175000168817800093673    000014302                    000143020000000000000109                     I0114302     30041800000000040003410000017N020418104700000000000103004180000000000000000000000000000000000000000100011622292766ROBERT HELENO MACEDO                    TRAVESSA JOSE CARRETEIRO                ENGENHOCA   24110444NITEROI        RJUNIAO UMB DOS CULTOS AFRO BRAS    30041810 000009
10231987175000168817800093673    000014301                    000143010000000000000109                     I0114301     30051800000000040003410000017N020418104700000000000103005180000000000000000000000000000000000000000100064437860700VALCI BARBOSA CAMPOS                    TRAVESSA PADRE CICERO - 3 FUNDOS        SANTA ROSA -24310340NITEROI        RJUNIAO UMB DOS CULTOS AFRO BRAS    30051810 000010
10231987175000168817800093673    000014300                    000143000000000000000109                     I0114300     30041800000000040003410000017N020418104700000000000103004180000000000000000000000000000000000000000100064437860700VALCI BARBOSA CAMPOS                    TRAVESSA PADRE CICERO - 3 FUNDOS        SANTA ROSA -24310340NITEROI        RJUNIAO UMB DOS CULTOS AFRO BRAS    30041810 000011
10231987175000168817800093673    000013932                    000139320000000000000109                     I0213932     30051800000000040003410000017N200218104700000000000103005180000000000000000000000000000000000000000100001413508731MARLENE TRAVASSOS DA SILVA              RUA SAO LUIZ GONZAGA                    SAO CRISTOVA20910061RIO DE JANEIRO RJUNIAO UMB DOS CULTOS AFRO BRAS    30051810 000012
10231987175000168817800093673    000013886                    000138860000000000000109                     I0213886     30051800000000035003410000017N200218104700000000000103005180000000000000000000000000000000000000000100002413242708NIVEA MARIA NARCIZO CONCEICAO           O MESMO                                 O MESMO     24344565NITEROI        RJUNIAO UMB DOS CULTOS AFRO BRAS    30051810 000013
10231987175000168817800093673    000013745                    000137450000000000000109                     I0213745     30051800000000035003410000017N200218104700000000000103005180000000000000000000000000000000000000000100043377483772FERNANDO HOLMES BURCHTEIN               RUA ALBANO N 902                        MAUA - MAGE 25926492MAGE           RJUNIAO UMB DOS CULTOS AFRO BRAS    30051810 000014
10231987175000168817800093673    000013608                    000136080000000000000109                     I0213608     30051800000000035003410000017N200218104700000000000103005180000000000000000000000000000000000000000100015675954724ALDREN LUCAS GOMES FERREIRA             RUA CARIOCA N 18                        PAU GRANDE -25900000MAGE           RJUNIAO UMB DOS CULTOS AFRO BRAS    30051810 000015
10231987175000168817800093673    000012850                    000128500000000000000109                     I0212850     30051800000000035003410000017N200218104700000000000103005180000000000000000000000000000000000000000100036352624715DEYSE LUZIA DE FREITA BRITTO            RUA DOIS LOTE 13 QUADRA 15 - CHACARAS DEINOA - MARIC24900000INOA - MARICA  RJUNIAO UMB DOS CULTOS AFRO BRAS    30051810 000016
10231987175000168817800093673    000012323                    000123230000000000000109                     I0212323     30041800000000040003410000017N200218104700000000000103004180000000000000000000000000000000000000000100001413508731MARLENE TRAVASSOS DA SILVA              RUA SAO LUIZ GONZAGA                    SAO CRISTOVA20910061RIO DE JANEIRO RJUNIAO UMB DOS CULTOS AFRO BRAS    30041810 000017
10231987175000168817800093673    000012277                    000122770000000000000109                     I0212277     30041800000000035003410000017N200218104700000000000103004180000000000000000000000000000000000000000100002413242708NIVEA MARIA NARCIZO CONCEICAO           O MESMO                                 O MESMO     24344565NITEROI        RJUNIAO UMB DOS CULTOS AFRO BRAS    30041810 000018
10231987175000168817800093673    000012136                    000121360000000000000109                     I0212136     30041800000000035003410000017N200218104700000000000103004180000000000000000000000000000000000000000100043377483772FERNANDO HOLMES BURCHTEIN               RUA ALBANO N 902                        MAUA - MAGE 25926492MAGE           RJUNIAO UMB DOS CULTOS AFRO BRAS    30041810 000019
10231987175000168817800093673    000011999                    000119990000000000000109                     I0211999     30041800000000035003410000017N200218104700000000000103004180000000000000000000000000000000000000000100015675954724ALDREN LUCAS GOMES FERREIRA             RUA CARIOCA N 18                        PAU GRANDE -25900000MAGE           RJUNIAO UMB DOS CULTOS AFRO BRAS    30041810 000020
10231987175000168817800093673    000011417                    000114170000000000000109                     I3411417     30041800000000035003410000017N200218104700000000000103004180000000000000000000000000000000000000000100004462221788ALEXANDRO JULIO DE SOUZA                RUA CORURIPE, 410                       MARECHAL HER21555490RIO DE JANEIRO RJUNIAO UMB DOS CULTOS AFRO BRAS    30041810 000021
10231987175000168817800093673    000011241                    000112410000000000000109                     I0211241     30041800000000035003410000017N200218104700000000000103004180000000000000000000000000000000000000000100036352624715DEYSE LUZIA DE FREITA BRITTO            RUA DOIS LOTE 13 QUADRA 15 - CHACARAS DEINOA - MARIC24900000INOA - MARICA  RJUNIAO UMB DOS CULTOS AFRO BRAS    30041810 000022
10231987175000168817800093673    000010668                    000106680000000000000109                     I0210668     30031800000000035003410000017N200218104700000000000103003180000000000000000000000000000000000000000100002413242708NIVEA MARIA NARCIZO CONCEICAO           O MESMO                                 O MESMO     24344565NITEROI        RJUNIAO UMB DOS CULTOS AFRO BRAS    30031810 000023
10231987175000168817800093673    000010527                    000105270000000000000109                     I0210527     30031800000000035003410000017N200218104700000000000103003180000000000000000000000000000000000000000100043377483772FERNANDO HOLMES BURCHTEIN               RUA ALBANO N 902                        MAUA - MAGE 25926492MAGE           RJUNIAO UMB DOS CULTOS AFRO BRAS    30031810 000024
10231987175000168817800093673    000010390                    000103900000000000000109                     I0210390     30031800000000035003410000017N200218104700000000000103003180000000000000000000000000000000000000000100015675954724ALDREN LUCAS GOMES FERREIRA             RUA CARIOCA N 18                        PAU GRANDE -25900000MAGE           RJUNIAO UMB DOS CULTOS AFRO BRAS    30031810 000025
10231987175000168817800093673    000010245                    000102450000000000000109                     I0210245     30031800000000035003410000017N200218104700000000000103003180000000000000000000000000000000000000000100063629852734ZULEICA JANINA BOMFIM AMARAL            RUA DA CAPELA, 744                      ESTACIO - RI20250051RIO DE JANEIRO RJUNIAO UMB DOS CULTOS AFRO BRAS    30031810 000026
10231987175000168817800093673    000010178                    000101780000000000000109                     I3410178     30031800000000035003410000017N200218104700000000000103003180000000000000000000000000000000000000000100004168412792SERGIO LUIZ PEREIRA DOS SANTOS          RUA CORONEL JOAO DA SILVA MOREIRA, 54   CAIEIRA VELH27145170RIO DE JANEIRO RJUNIAO UMB DOS CULTOS AFRO BRAS    30031810 000027
10231987175000168817800093673    00009819                     000098190000000000000109                     I029819      30031800000000035003410000017N200218104700000000000103003180000000000000000000000000000000000000000100005209152758LAZARO OLIVEIRA DE ARAUJO               RUA MULULO DA VEIGA                     NEVES - SAO 24400000SAO GONCALO    RJUNIAO UMB DOS CULTOS AFRO BRAS    30031810 000028
10231987175000168817800093673    00009808                     000098080000000000000109                     I349808      30031800000000035003410000017N200218104700000000000103003180000000000000000000000000000000000000000100004462221788ALEXANDRO JULIO DE SOUZA                RUA CORURIPE, 410                       MARECHAL HER21555490RIO DE JANEIRO RJUNIAO UMB DOS CULTOS AFRO BRAS    30031810 000029
10231987175000168817800093673    00009745                     000097450000000000000109                     I349745      30031800000000035003410000017N200218104700000000000103003180000000000000000000000000000000000000000100092080570706EUZAMAR FONSECA SANTOS                  RUA DONA EMILIA N 195 CASA 4            INHAUMA - RI20765110RIO DE JANEIRO RJUNIAO UMB DOS CULTOS AFRO BRAS    30031810 000030
10231987175000168817800093673    00009632                     000096320000000000000109                     I029632      30031800000000035003410000017N200218104700000000000103003180000000000000000000000000000000000000000100036352624715DEYSE LUZIA DE FREITA BRITTO            RUA DOIS LOTE 13 QUADRA 15 - CHACARAS DEINOA - MARIC24900000INOA - MARICA  RJUNIAO UMB DOS CULTOS AFRO BRAS    30031810 000031
10231987175000168817800093673    00008367                     000083670000000000000109                     I028367      28021800000000035003410000017N291217104700000000000102802180000000000000000000000000000000000000000100015675954724ALDREN LUCAS GOMES FERREIRA             RUA CARIOCA N 18                        PAU GRANDE -25900000MAGE           RJUNIAO UMB DOS CULTOS AFRO BRAS    28021810 000032
10231987175000168817800093673    00008092                     000080920000000000000109                     I028092      28021800000000035003410000017N291217104700000000000102802180000000000000000000000000000000000000000100036352624715DEYSE LUZIA DE FREITA BRITTO            RUA DOIS LOTE 13 QUADRA 15 - CHACARAS DEINOA - MARIC24900000INOA - MARICA  RJUNIAO UMB DOS CULTOS AFRO BRAS    28021810 000033
10231987175000168817800093673    00007151                     000071510000000000000109                     I027151      28021800000000035003410000017N271217104700000000000102802180000000000000000000000000000000000000000100043377483772FERNANDO HOLMES BURCHTEIN               RUA ALBANO N 902                        MAUA - MAGE 25926492MAGE           RJUNIAO UMB DOS CULTOS AFRO BRAS    28021810 000034
10231987175000168817800093673    00006902                     000069020000000000000109                     I026902      28021800000000035003410000017N271217104700000000000102802180000000000000000000000000000000000000000100063629852734ZULEICA JANINA BOMFIM AMARAL            RUA DA CAPELA, 744                      ESTACIO - RI20250051RIO DE JANEIRO RJUNIAO UMB DOS CULTOS AFRO BRAS    28021810 000035
10231987175000168817800093673    00006591                     000065910000000000000109                     I026591      28021800000000035003410000017N271217104700000000000102802180000000000000000000000000000000000000000100005209152758LAZARO OLIVEIRA DE ARAUJO               RUA MULULO DA VEIGA                     NEVES - SAO 24400000SAO GONCALO    RJUNIAO UMB DOS CULTOS AFRO BRAS    28021810 000036
10231987175000168817800093673    00006584                     000065840000000000000109                     I346584      28021800000000035003410000017N271217104700000000000102802180000000000000000000000000000000000000000100004462221788ALEXANDRO JULIO DE SOUZA                RUA CORURIPE, 410                       MARECHAL HER21555490RIO DE JANEIRO RJUNIAO UMB DOS CULTOS AFRO BRAS    28021810 000037
10231987175000168817800093673    00005901                     000059010000000000000109                     I025901      31011800000000035003410000017N261217104700000000000103101180000000000000000000000000000000000000000100043377483772FERNANDO HOLMES BURCHTEIN               RUA ALBANO N 902                        MAUA - MAGE 25926492MAGE           RJUNIAO UMB DOS CULTOS AFRO BRAS    31011810 000038
10231987175000168817800093673    00005341                     000053410000000000000109                     I025341      31011800000000035003410000017N261217104700000000000103101180000000000000000000000000000000000000000100005209152758LAZARO OLIVEIRA DE ARAUJO               RUA MULULO DA VEIGA                     NEVES - SAO 24400000SAO GONCALO    RJUNIAO UMB DOS CULTOS AFRO BRAS    31011810 000039
10231987175000168817800093673    00004759                     000047590000000000000109                     I024759      22121700000000210003410000017N121217104700000000000102212170000000000000000000000000000000000000000100043377483772FERNANDO HOLMES BURCHTEIN               RUA ALBANO N 902                        MAUA - MAGE 25926492MAGE           RJUNIAO UMB DOS CULTOS AFRO BRAS    22121710 000040
10231987175000168817800093673    00004658                     000046580000000000000109                     I024658      20121700000000035003410000017N241117104700000000000102012170000000000000000000000000000000000000000100012009305760DEBORA CRISTINA DE OLIVEIRA BR          RUA ORLANDO CARLOS DA CONCEICAO N 10    COROA GRANDE23820800ITAGUAI        RJUNIAO UMB DOS CULTOS AFRO BRAS    20121710 000041
10231987175000168817800093673    00001693                     000016930000000000000109                     I021693      20121700000000340003410000017N081117104700000000000102012170000000000000000000000000000000000000000100097512770782DULCINEIA CAPUTE                        AVENIDA ITAGUAI N 848 A - ENGENHO       ITAGUAI - RJ23820306ITAGUAI        RJUNIAO UMB DOS CULTOS AFRO BRAS    20121710 000042
10231987175000168817800093673    00001682                     000016820000000000000109                     I021682      20121700000000340003410000017N071117104700000000000102012170000000000000000000000000000000000000000100002638717703EDINO GOMES DE BARROS JUNIOR            RUA PARANA N 10                         MORRO DO ORI24400000SAO GONCALO    RJUNIAO UMB DOS CULTOS AFRO BRAS    20121710 000043
10231987175000168817800093673    00001679                     000016790000000000000109                     I021679      20121700000000400003410000017N061117104700000000000102012170000000000000000000000000000000000000000100071115498720CLEVELAND JOSE LOPES JUNIOR             AVENIDA JOAO RIBEIRO, 507 APTO 101  FUNDPILARES - RI20750094RIO DE JANEIRO RJUNIAO UMB DOS CULTOS AFRO BRAS    20121710 000044
10231987175000168817800093673    00001677                     000016770000000000000109                     I021677      20121700000000340003410000017N061117104700000000000102012170000000000000000000000000000000000000000100001961346761MARLENE DE OLIVEIRA MARCOLINO           O MESMO                                 O MESMO     25623519PETROPOLIS     RJUNIAO UMB DOS CULTOS AFRO BRAS    20121710 000045
10231987175000168817800093673    00001668                     000016680000000000000109                     I021668      20121700000000340003410000017N011117104700000000000102012170000000000000000000000000000000000000000100090021177791MARIA CRISTINA SOUZA DE OLIVEI          RUA: DA GLORIA Nº 4064 - VILA LEPOLDINADUQUE DE CAX25060240DUQUE DE CAXIASRJUNIAO UMB DOS CULTOS AFRO BRAS    20121710 000046
9                                                                                                                                                                                                                                                                                                                                                                                                         000047
