01REMESSA01COBRANCA       817800093673        União Umb dos Cultos Afro Bra341BANCO ITAU SA  090118                                                                                                                                                                                                                                                                                                      000001
10231987175000168817800093673    00005440                     000054400000000000000109                     I015440      31011800000000035003410000017N261217050900000000000103101180000000000000000000000000000000000000000100008451043739LUCY DE JESUS SOUZA                     TRAVESSA: FELICIO Nº 26                CASCADURA - 23825710RIO DE JANEIRO RJUNIAO UMB DOS CULTOS AFRO BRAS    31011810 000002
10231987175000168817800093673    00005439                     000054390000000000000109                     I015439      31011800000000035003410000017N261217050900000000000103101180000000000000000000000000000000000000000100002664636731ANA LUCIA GATTO                         RUA: DAS ESMERALDAS LOTE 14 QUADRA 142 -SAO GONCALO 24715602SAO GONCALO    RJUNIAO UMB DOS CULTOS AFRO BRAS    31011810 000003
10231987175000168817800093673    00005438                     000054380000000000000109                     I015438      31011800000000035003410000017N261217050900000000000103101180000000000000000000000000000000000000000100040090000749MARIA CONCEICAO CESAR MARQUES           RUA DOUTOR MANOEL MARREIROS, 635        PARANHOS - I21910080RIO DE JANEIRO RJUNIAO UMB DOS CULTOS AFRO BRAS    31011810 000004
10231987175000168817800093673    00005437                     000054370000000000000109                     I015437      31011800000000035003410000017N261217050900000000000103101180000000000000000000000000000000000000000100008646303799JULIO CESAR DE JESUS VEIGA              ESTRADA COMANDANTE LUIZ SOLTO, 139 - TANCOVANCA - JA22733040RIO DE JANEIRO RJUNIAO UMB DOS CULTOS AFRO BRAS    31011810 000005
10231987175000168817800093673    00005436                     000054360000000000000109                     I015436      31011800000000035003410000017N261217050900000000000103101180000000000000000000000000000000000000000100068309104715MARCIA CARVALHO DA SILVA NASCI          E-MAIL: ASVERA1950@GMAIL.COM            CARTA ANISTI26013110NOVA IGUACU    RJUNIAO UMB DOS CULTOS AFRO BRAS    31011810 000006
10231987175000168817800093673    00005435                     000054350000000000000109                     I015435      31011800000000035003410000017N261217050900000000000103101180000000000000000000000000000000000000000100007802202779ROBERTO DE OLIVEIRA ALONSO NET          RUA VEREADOR FRANCISCO NUNES, 1266 APTO CENTRO - NIL26540040NILOPOLIS      RJUNIAO UMB DOS CULTOS AFRO BRAS    31011810 000007
10231987175000168817800093673    00005434                     000054340000000000000109                     I015434      31011800000000035003410000017N261217050900000000000103101180000000000000000000000000000000000000000100008311073759ANDERSON DA ANUNCIACAO SILVA            RUA ROLDAO GONCALVES, 2571 CASA 1       CABRAL - NIL26520541NILOPOLIS      RJUNIAO UMB DOS CULTOS AFRO BRAS    31011810 000008
10231987175000168817800093673    00005433                     000054330000000000000109                     I015433      31011800000000035003410000017N261217050900000000000103101180000000000000000000000000000000000000000100008098163776LUIS CARLOS DA ROCHA MARTINS            RUA CORONEL TITO PORTO CARREIRO, 17     PACIENCIA - 23580010RIO DE JANEIRO RJUNIAO UMB DOS CULTOS AFRO BRAS    31011810 000009
10231987175000168817800093673    00005432                     000054320000000000000109                     I015432      31011800000000035003410000017N261217050900000000000103101180000000000000000000000000000000000000000100002871832706VILMA LUCI PENEDO DOS SANTOS            RUA OLINDA, SN QUADRA E LOTE 1          LAGOINHA - N26296453NOVA IGUACU    RJUNIAO UMB DOS CULTOS AFRO BRAS    31011810 000010
10231987175000168817800093673    00005431                     000054310000000000000109                     I015431      31011800000000035003410000017N261217050900000000000103101180000000000000000000000000000000000000000100018324860797ORLANDO ROCHA                           RUA EDUARDO CESAR MACHADO, 616          ANCHIETA - R21635140RIO DE JANEIRO RJUNIAO UMB DOS CULTOS AFRO BRAS    31011810 000011
10231987175000168817800093673    00005430                     000054300000000000000109                     I015430      31011800000000035003410000017N261217050900000000000103101180000000000000000000000000000000000000000100006927798705ROSA MARIA RICARDO PINTO                RUA JOAQUIM BESSA, 148 / RUA DOIS, 169  TRINDADE - S24210205SAO GONCALO    RJUNIAO UMB DOS CULTOS AFRO BRAS    31011810 000012
10231987175000168817800093673    00005429                     000054290000000000000109                     I015429      31011800000000035003410000017N261217050900000000000103101180000000000000000000000000000000000000000100043013350725CARLOS ALBERTO DUARTE                   RUA EUNAPIO DEIRO, 13                   REALENGO - R21710020RIO DE JANEIRO RJUNIAO UMB DOS CULTOS AFRO BRAS    31011810 000013
10231987175000168817800093673    00005428                     000054280000000000000109                     I015428      31011800000000035003410000017N261217050900000000000103101180000000000000000000000000000000000000000100043839312787GILDA MANOELA                           RUA CRISANTEMOS, LOTE 28 QUADRA 20      PRADOS VERDE26299039NOVA IGUACU    RJUNIAO UMB DOS CULTOS AFRO BRAS    31011810 000014
10231987175000168817800093673    00005427                     000054270000000000000109                     I015427      31011800000000035003410000017N261217050900000000000103101180000000000000000000000000000000000000000100011187294713RONAN RICARDO SANTOS DE ASSIS           RUA DOUTOR LUIZ GALDIER-LEI, 108        PENHA - RIO 21070100RIO DE JANEIRO RJUNIAO UMB DOS CULTOS AFRO BRAS    31011810 000015
10231987175000168817800093673    00005426                     000054260000000000000109                     I015426      31011800000000035003410000017N261217050900000000000103101180000000000000000000000000000000000000000100005243182710JACIRA HELENA MAURICIO ARRUDA           AVENIDA TENENTE REBELO, 531 / 104       IRAJA - RIO 21241460RIO DE JANEIRO RJUNIAO UMB DOS CULTOS AFRO BRAS    31011810 000016
10231987175000168817800093673    00005425                     000054250000000000000109                     I015425      31011800000000035003410000017N261217050900000000000103101180000000000000000000000000000000000000000100059475161791MARIA NAZARETE ALVES ANTONIO            TRAVESSA SANTOS DUMONT, 23 FUNDOS       ILHA DO GOVE21910490RIO DE JANEIRO RJUNIAO UMB DOS CULTOS AFRO BRAS    31011810 000017
10231987175000168817800093673    00005424                     000054240000000000000109                     I015424      31011800000000035003410000017N261217050900000000000103101180000000000000000000000000000000000000000100043224164700CLEUZA LORETTE GONCALVES                RUA EMILIA RIBEIRO, 91 A                BENTO RIBEIR21550530RIO DE JANEIRO RJUNIAO UMB DOS CULTOS AFRO BRAS    31011810 000018
10231987175000168817800093673    00005423                     000054230000000000000109                     I015423      31011800000000050003410000017N261217050900000000000103101180000000000000000000000000000000000000000100005215642710ROBERTA LIMA GRIJO                      RUA FLORANIA, 475                       VISTA ALEGRE21230700RIO DE JANEIRO RJUNIAO UMB DOS CULTOS AFRO BRAS    31011810 000019
10231987175000168817800093673    00005422                     000054220000000000000109                     I015422      31011800000000035003410000017N261217050900000000000103101180000000000000000000000000000000000000000100042956765787ARACILDA DOS SANTOS FREITAS             RUA BAHIA, 182 - COREIA                 JUSCELINO - 26556440RIO DE JANEIRO RJUNIAO UMB DOS CULTOS AFRO BRAS    31011810 000020
10231987175000168817800093673    00005421                     000054210000000000000109                     I015421      31011800000000035003410000017N261217050900000000000103101180000000000000000000000000000000000000000100002486800727MARCIA REGINA DA SILVA SANTOS           ESTRADA DO PORTO VELHO, 555 ENTRADA A CACORDOVIL - R21012140RIO DE JANEIRO RJUNIAO UMB DOS CULTOS AFRO BRAS    31011810 000021
10231987175000168817800093673    00005420                     000054200000000000000109                     I015420      31011800000000035003410000017N261217050900000000000103101180000000000000000000000000000000000000000100090285646753JORGE LUIZ SILVA ARAUJO                 RUA MANOEL FRANCISCO ALVES, 99          IMPOERADOR -25926346MAGE           RJUNIAO UMB DOS CULTOS AFRO BRAS    31011810 000022
10231987175000168817800093673    00005419                     000054190000000000000109                     I015419      31011800000000035003410000017N261217050900000000000103101180000000000000000000000000000000000000000100005215146730ALEX HIKL JACOB                         RUA SUELI, LOTE 11 QUADRA 9             PARQUE SAO J26193030BELFORD ROXO   RJUNIAO UMB DOS CULTOS AFRO BRAS    31011810 000023
10231987175000168817800093673    00005418                     000054180000000000000109                     I015418      31011800000000035003410000017N261217050900000000000103101180000000000000000000000000000000000000000100040215326768ANTONIO JOAQUIM DOS SANTOS FIL          RUA SAO FRANCISCO, 137 - CANTO DO RIO   SEROPEDICA -23890000RIO DE JANEIRO RJUNIAO UMB DOS CULTOS AFRO BRAS    31011810 000024
10231987175000168817800093673    00005417                     000054170000000000000109                     I015417      31011800000000035003410000017N261217050900000000000103101180000000000000000000000000000000000000000100007000973765SILVIA DAS GRACAS SANTANA               RUA NELIO CHAMBARELLI, 1 QUADRA K - JARDN.S.DE FATIM26313040RIO DE JANEIRO RJUNIAO UMB DOS CULTOS AFRO BRAS    31011810 000025
10231987175000168817800093673    00005416                     000054160000000000000109                     I015416      31011800000000035003410000017N261217050900000000000103101180000000000000000000000000000000000000000100047448865749NEUSA MARIA DA SILVA                    AVENIDA CORONEL PHIDIAS TAVORA, RUA LIRIJARDIM AMERI21535590RIO DE JANEIRO RJUNIAO UMB DOS CULTOS AFRO BRAS    31011810 000026
10231987175000168817800093673    00005415                     000054150000000000000109                     I015415      31011800000000035003410000017N261217050900000000000103101180000000000000000000000000000000000000000100008664578756ATILA LARRICE GALDINO                   RUA MINERVINA NUNES DA COSTA, 238 FUNDOSPARQUE ANCHI21635350RIO DE JANEIRO RJUNIAO UMB DOS CULTOS AFRO BRAS    31011810 000027
10231987175000168817800093673    00005414                     000054140000000000000109                     I015414      31011800000000035003410000017N261217050900000000000103101180000000000000000000000000000000000000000100004764270706FLAVIO AILTON BRAGA FERREIRA            RUA CABURI, 11                          ROCHA MIRAND21550050RIO DE JANEIRO RJUNIAO UMB DOS CULTOS AFRO BRAS    31011810 000028
10231987175000168817800093673    00005413                     000054130000000000000109                     I015413      31011800000000035003410000017N261217050900000000000103101180000000000000000000000000000000000000000100002046107705PAULO SERGIO MILITAO HENRIQUE           RUA VIENA, 41                           BRAS DE PINA21215350RIO DE JANEIRO RJUNIAO UMB DOS CULTOS AFRO BRAS    31011810 000029
10231987175000168817800093673    00005412                     000054120000000000000109                     I015412      31011800000000035003410000017N261217050900000000000103101180000000000000000000000000000000000000000100002575759790TERESA QUITA                            AVENIDA PRIMEIRO DE MAIO, 2786 GLEBA B  CHAPERO - IT23831350ITAGUAI        RJUNIAO UMB DOS CULTOS AFRO BRAS    31011810 000030
10231987175000168817800093673    00005411                     000054110000000000000109                     I015411      31011800000000035003410000017N261217050900000000000103101180000000000000000000000000000000000000000100060471859753MARLENE IBRAIN                          O MESMO                                 O MESMO     27971180MACAE          RJUNIAO UMB DOS CULTOS AFRO BRAS    31011810 000031
10231987175000168817800093673    00005410                     000054100000000000000109                     I015410      31011800000000035003410000017N261217050900000000000103101180000000000000000000000000000000000000000100065936957772ANTONIO CLAUDIO PEREIRA                 RUA RESTINGA, QUADRA 58 LOTE 6          MENDANHA - C23097650RIO DE JANEIRO RJUNIAO UMB DOS CULTOS AFRO BRAS    31011810 000032
10231987175000168817800093673    00005409                     000054090000000000000109                     I015409      31011800000000035003410000017N261217050900000000000103101180000000000000000000000000000000000000000100004245613793MARIA ELENA DA SILVA SANTOS             AVENIDA ENGENHEIRO SOUSA FILHO, 1176 CASITANHANGA - 22753053RIO DE JANEIRO RJUNIAO UMB DOS CULTOS AFRO BRAS    31011810 000033
10231987175000168817800093673    00005408                     000054080000000000000109                     I015408      31011800000000035003410000017N261217050900000000000103101180000000000000000000000000000000000000000100090085310700ROSANGELA VILELA FERREIRA               RUA MATURACA, 380 LOTE 19 QUADRA R 1    PENHA CIRCUL21210360RIO DE JANEIRO RJUNIAO UMB DOS CULTOS AFRO BRAS    31011810 000034
10231987175000168817800093673    00005407                     000054070000000000000109                     I015407      31011800000000035003410000017N261217050900000000000103101180000000000000000000000000000000000000000100089448712715ADELINA GONCALVES                       AVENIDA JOAQUIM CAMARA FERREIRA, 687    VILA KENEDY 21850180RIO DE JANEIRO RJUNIAO UMB DOS CULTOS AFRO BRAS    31011810 000035
10231987175000168817800093673    00005406                     000054060000000000000109                     I015406      31011800000000035003410000017N261217050900000000000103101180000000000000000000000000000000000000000100052417760797TANIA CRISTINA DOS SANTOS MORE          RUA NOVA ESPANHA, 235 - CAMPO ALEGRE    TRES MARIAS 26292327NOVA IGUACU    RJUNIAO UMB DOS CULTOS AFRO BRAS    31011810 000036
10231987175000168817800093673    00005404                     000054040000000000000109                     I015404      31011800000000035003410000017N261217050900000000000103101180000000000000000000000000000000000000000100077031714703LEILIANE NOGUEIRA OLIVEIRA              TRAVESSA VINTE E OITO, 6                PARQUE SANTA26115230BELFORD ROXO   RJUNIAO UMB DOS CULTOS AFRO BRAS    31011810 000037
10231987175000168817800093673    00005403                     000054030000000000000109                     I015403      31011800000000035003410000017N261217050900000000000103101180000000000000000000000000000000000000000100081561326704MARCIO ELIAS GONCALVES                  RUA: NOVA Nº 654-A - GUARATIBA         CAMPO GRANDE21820210RIO DE JANEIRO RJUNIAO UMB DOS CULTOS AFRO BRAS    31011810 000038
10231987175000168817800093673    00005402                     000054020000000000000109                     I015402      31011800000000035003410000017N261217050900000000000103101180000000000000000000000000000000000000000100001936810727ALEX SALES ABBAS                        RUA BRASILIA, LOTE 6 QUADRA D CASA 4    COELHO DA RO25507200SAO JOAO DE MERRJUNIAO UMB DOS CULTOS AFRO BRAS    31011810 000039
10231987175000168817800093673    00005400                     000054000000000000000109                     I015400      31011800000000035003410000017N261217050900000000000103101180000000000000000000000000000000000000000100075745658720ELIZIETE COIMBRA DE FRANCA              RUA SAO LOURENCO, 99 - SANTA RITA       SANTA RITA -26050630NOVA IGUACU    RJUNIAO UMB DOS CULTOS AFRO BRAS    31011810 000040
10231987175000168817800093673    00005399                     000053990000000000000109                     I015399      31011800000000035003410000017N261217050900000000000103101180000000000000000000000000000000000000000100007326065780MARCELO BORGES DE SOUZA                 RUA PLINIO CASADO, 109 CASA 2           ENGENHOCA - 24110475RIO DE JANEIRO RJUNIAO UMB DOS CULTOS AFRO BRAS    31011810 000041
10231987175000168817800093673    00005398                     000053980000000000000109                     I015398      31011800000000035003410000017N261217050900000000000103101180000000000000000000000000000000000000000100043548628753MARIA SALETTE MATTOSO RODRIGUE          RUA PERNAMBUCO, 1254                    ENCANTADO - 20730030RIO DE JANEIRO RJUNIAO UMB DOS CULTOS AFRO BRAS    31011810 000042
10231987175000168817800093673    00005397                     000053970000000000000109                     I015397      31011800000000035003410000017N261217050900000000000103101180000000000000000000000000000000000000000100007117717742MARCELO VITAL DOMINATO                  RUA ATIBA, 44 FUNDOS - JACARE           CACHAMBI - R20785110RIO DE JANEIRO RJUNIAO UMB DOS CULTOS AFRO BRAS    31011810 000043
10231987175000168817800093673    00005396                     000053960000000000000109                     I015396      31011800000000035003410000017N261217050900000000000103101180000000000000000000000000000000000000000100057232350791NELSON CARNEIRO DA SILVA                RUA MATO GROSSO, 73                     SAPE - NITER24315460NITEROI        RJUNIAO UMB DOS CULTOS AFRO BRAS    31011810 000044
10231987175000168817800093673    00005395                     000053950000000000000109                     I015395      31011800000000035003410000017N261217050900000000000103101180000000000000000000000000000000000000000100001326484745IRACEMA DE OLIVEIRA ROSA BARBO          RUA TOQUIO, 1873                        COELHO DA RO25550140SAO JOAO DE MERRJUNIAO UMB DOS CULTOS AFRO BRAS    31011810 000045
10231987175000168817800093673    00005394                     000053940000000000000109                     I015394      31011800000000035003410000017N261217050900000000000103101180000000000000000000000000000000000000000100087419939772EMANUEL JOSE DOS SANTOS                 RUA MANUEL DE FREITAS, QUADRA D LOTE 10 PANTANAL - D25041500DUQUE CAXIAS   RJUNIAO UMB DOS CULTOS AFRO BRAS    31011810 000046
10231987175000168817800093673    00005393                     000053930000000000000109                     I015393      31011800000000035003410000017N261217050900000000000103101180000000000000000000000000000000000000000100003622363755LUCIENE DA SILVA                        RUA AMADIR LEITE, 106                   JARDIM MONTE26041620NOVA IGUACU    RJUNIAO UMB DOS CULTOS AFRO BRAS    31011810 000047
10231987175000168817800093673    00005392                     000053920000000000000109                     I015392      31011800000000035003410000017N261217050900000000000103101180000000000000000000000000000000000000000100004223999737CLEONICE LIMA NASCIMENTO                O MESMO                                 O MESMO     25267300DUQUE DE CAXIASRJUNIAO UMB DOS CULTOS AFRO BRAS    31011810 000048
10231987175000168817800093673    00005390                     000053900000000000000109                     I015390      31011800000000035003410000017N261217050900000000000103101180000000000000000000000000000000000000000100009485186770MARTA FERREIRA BENVINDO PIMENT          RUA: JOSE MARIA Nº 169                 PENHA - RJ  21070140RIO DE JANEIRO RJUNIAO UMB DOS CULTOS AFRO BRAS    31011810 000049
10231987175000168817800093673    00005389                     000053890000000000000109                     I015389      31011800000000035003410000017N261217050900000000000103101180000000000000000000000000000000000000000100008486144612BRUNO FELIPE KALIL HOMSE                RUA JOAQUIM BENEDITO DE PAULA, 639      SAO GERALDO 37558101POUSO ALEGRE   MGUNIAO UMB DOS CULTOS AFRO BRAS    31011810 000050
10231987175000168817800093673    00005388                     000053880000000000000109                     I015388      31011800000000035003410000017N261217050900000000000103101180000000000000000000000000000000000000000100093154011749ANDERSON GOMES BEZERRA                  RUA DONA ROMANA, 309                    ENGENHO NOVO20710200RIO DE JANEIRO RJUNIAO UMB DOS CULTOS AFRO BRAS    31011810 000051
10231987175000168817800093673    00005385                     000053850000000000000109                     I015385      31011800000000035003410000017N261217050900000000000103101180000000000000000000000000000000000000000100004523584770LUIZ FERNANDES HASSELMANN               ESTRADA PROENCA, LOTE 3 QUADRA B N      ENGENHEIRO P26475520RIO DE JANEIRO RJUNIAO UMB DOS CULTOS AFRO BRAS    31011810 000052
10231987175000168817800093673    00005383                     000053830000000000000109                     I015383      31011800000000035003410000017N261217050900000000000103101180000000000000000000000000000000000000000100001928256740MARILZA SANTOS DE OLIVEIRA              RUA DOS PINHEIROS, 368 CASA 1 - VILA DE PRQ ANTARTIC26052720NOVA IGUACU    RJUNIAO UMB DOS CULTOS AFRO BRAS    31011810 000053
10231987175000168817800093673    00005382                     000053820000000000000109                     I015382      31011800000000035003410000017N261217050900000000000103101180000000000000000000000000000000000000000100004493547766ROBSON FRANCISCO ESCHOLASTICO           RUA MATHIAS MACHADO, 87                 ARSENAL - SA24745050SAO GONCALO    RJUNIAO UMB DOS CULTOS AFRO BRAS    31011810 000054
10231987175000168817800093673    00005381                     000053810000000000000109                     I015381      31011800000000035003410000017N261217050900000000000103101180000000000000000000000000000000000000000100010329411705RODRIGO SILVA DO NASCIMENTO SA          RUA: PAPA FOLHA LOTE 2 QUADRA 28 - VILA DUQUE DE CAX25255190DUQUE DE CAXIASRJUNIAO UMB DOS CULTOS AFRO BRAS    31011810 000055
10231987175000168817800093673    00005380                     000053800000000000000109                     I015380      31011800000000035003410000017N261217050900000000000103101180000000000000000000000000000000000000000100088364607715ELISABETE DA CONCEICAO LIMA             RUA ABILIO MACHADO, 163                 VILA TIRADEN25525160SAO JOAO DE MERRJUNIAO UMB DOS CULTOS AFRO BRAS    31011810 000056
10231987175000168817800093673    00005378                     000053780000000000000109                     I015378      31011800000000035003410000017N261217050900000000000103101180000000000000000000000000000000000000000100001820956733JUREMA RODRIGUES DE OLIVEIRA            RUA ANTONIO TEODORO DE CASTRO, 88 CASA 1PACIENCIA - 23573200RIO DE JANEIRO RJUNIAO UMB DOS CULTOS AFRO BRAS    31011810 000057
10231987175000168817800093673    00005377                     000053770000000000000109                     I015377      31011800000000035003410000017N261217050900000000000103101180000000000000000000000000000000000000000100091334306753LUCIA DE ANDRADE VAZ DE MELLO           RUA SANTO AGOSTINHO, 200 CASA 47        ANDARAI - RI20541260RIO DE JANEIRO RJUNIAO UMB DOS CULTOS AFRO BRAS    31011810 000058
10231987175000168817800093673    00005376                     000053760000000000000109                     I015376      31011800000000035003410000017N261217050900000000000103101180000000000000000000000000000000000000000100081632746700LEILA DOS SANTOS SILVA                  RUA VIRGILIO BRIGIDO, 369               CAMPO GRANDE23045805RIO DE JANEIRO RJUNIAO UMB DOS CULTOS AFRO BRAS    31011810 000059
10231987175000168817800093673    00005375                     000053750000000000000109                     I015375      31011800000000035003410000017N261217050900000000000103101180000000000000000000000000000000000000000100079291040797CELMA DA SILVA                          RUA MONS TOMAS TEIJERINA, 373           MONTE D OURO27600000VALENCA        RJUNIAO UMB DOS CULTOS AFRO BRAS    31011810 000060
10231987175000168817800093673    00005374                     000053740000000000000109                     I015374      31011800000000035003410000017N261217050900000000000103101180000000000000000000000000000000000000000100025569929720JOSE WILSON DE ARAUJO                   RUA SEABRA FILHO, 829                   INHOAIBA - R23062000RIO DE JANEIRO RJUNIAO UMB DOS CULTOS AFRO BRAS    31011810 000061
10231987175000168817800093673    00005373                     000053730000000000000109                     I015373      31011800000000035003410000017N261217050900000000000103101180000000000000000000000000000000000000000100047627816734DORACI BARBARA RIBEIRO DO COUT          RUA PRIMEIRO DE MAIO, LOTE 15 QUADRA 19 PARQUE IPIRA26359510MESQUITA       RJUNIAO UMB DOS CULTOS AFRO BRAS    31011810 000062
10231987175000168817800093673    00005372                     000053720000000000000109                     I015372      31011800000000035003410000017N261217050900000000000103101180000000000000000000000000000000000000000100002413896740ADRIANO CAMILO DOS SANTOS               RUA SANTA ISABEL, 328 CASA 9            PALHADA - NO26335260NOVA IGUACU    RJUNIAO UMB DOS CULTOS AFRO BRAS    31011810 000063
10231987175000168817800093673    00005371                     000053710000000000000109                     I015371      31011800000000035003410000017N261217050900000000000103101180000000000000000000000000000000000000000100071360573704GREICE DE SOUZA MILHAR DA SILV          RUA DOUTOR JOVINIANO, 707               MADUREIRA - 21360310RIO DE JANEIRO RJUNIAO UMB DOS CULTOS AFRO BRAS    31011810 000064
10231987175000168817800093673    00005369                     000053690000000000000109                     I015369      31011800000000035003410000017N261217050900000000000103101180000000000000000000000000000000000000000100077417232787MARIA IZABEL CUNHA DA SILVA             RUA 1 DE MAIO, LOTE 4 QUADRA 20         IPIRANGA - N26293480NOVA IGUACU    RJUNIAO UMB DOS CULTOS AFRO BRAS    31011810 000065
10231987175000168817800093673    00005368                     000053680000000000000109                     I015368      31011800000000035003410000017N261217050900000000000103101180000000000000000000000000000000000000000100042598907787IRACI CARDOSO DOS SANTOS                RUA LUIZ FELECIANO  LARANJAL, LOTE 16 QULARANJAL - S24725370SAO GONCALO    RJUNIAO UMB DOS CULTOS AFRO BRAS    31011810 000066
10231987175000168817800093673    00005367                     000053670000000000000109                     I015367      31011800000000035003410000017N261217050900000000000103101180000000000000000000000000000000000000000100008184015755ELIZABETH DE SOUZA                      RUA MERCURIO, 36 CASA 3 FUNDOS          SANTA TEREZI26553260MESQUITA       RJUNIAO UMB DOS CULTOS AFRO BRAS    31011810 000067
10231987175000168817800093673    00005366                     000053660000000000000109                     I015366      31011800000000035003410000017N261217050900000000000103101180000000000000000000000000000000000000000100011140864793CLAUDIA THEODORO                        RUA VINTE E NOVE DE SETEMBRO, 1760      CARAMBITA - 27600000VALENCA        RJUNIAO UMB DOS CULTOS AFRO BRAS    31011810 000068
10231987175000168817800093673    00005363                     000053630000000000000109                     I015363      31011800000000035003410000017N261217050900000000000103101180000000000000000000000000000000000000000100083679472749SILVIA REGINA DE SOUZA BAPTIST          RUA  LAFAIETE JOSE MEDINA, 2            CHAPEU MANGU22010020RIO DE JANEIRO RJUNIAO UMB DOS CULTOS AFRO BRAS    31011810 000069
10231987175000168817800093673    00005362                     000053620000000000000109                     I015362      31011800000000035003410000017N261217050900000000000103101180000000000000000000000000000000000000000100008014210719JOERC VITORINO MATOS                    RUA ANTONIO SALEMA, 607 FUNDOS          VILA DE CAVA26052320NOVA IGUACU    RJUNIAO UMB DOS CULTOS AFRO BRAS    31011810 000070
10231987175000168817800093673    00005361                     000053610000000000000109                     I015361      31011800000000035003410000017N261217050900000000000103101180000000000000000000000000000000000000000100037256246749MARIA HELENA ARQUIMEDES CHAGAS          RUA MARIA MACIEIRA, 9 CASA 2 FUNDOS     MADUREIRA - 21310070RIO DE JANEIRO RJUNIAO UMB DOS CULTOS AFRO BRAS    31011810 000071
10231987175000168817800093673    00005360                     000053600000000000000109                     I015360      31011800000000035003410000017N261217050900000000000103101180000000000000000000000000000000000000000100080609066749ELIANE RODRIGUES PIRES                  RUA PARAMIRIM, 710                      BENTO RIBEIR21550610RIO DE JANEIRO RJUNIAO UMB DOS CULTOS AFRO BRAS    31011810 000072
10231987175000168817800093673    00005359                     000053590000000000000109                     I015359      31011800000000035003410000017N261217050900000000000103101180000000000000000000000000000000000000000100050704281791JOSE CICERO ALVES DOS SANTOS            RUA PRESIDENTE CASTELO BRANCO, LOTE 3   TEIXEIRA - I23840240ITAGUAI        RJUNIAO UMB DOS CULTOS AFRO BRAS    31011810 000073
10231987175000168817800093673    00005358                     000053580000000000000109                     I015358      31011800000000035003410000017N261217050900000000000103101180000000000000000000000000000000000000000100011782583785JORGE MARCIO DOS SANTOS SOUZA           RUA PEDRO JOSE DE OLIVEIRA, 126 CASA 2  VARGEM GRAND27145232BARRA DO PIRAI RJUNIAO UMB DOS CULTOS AFRO BRAS    31011810 000074
9                                                                                                                                                                                                                                                                                                                                                                                                         000075
