01REMESSA01COBRANCA       817800093673        União Umb dos Cultos Afro Bra341BANCO ITAU SA  110118                                                                                                                                                                                                                                                                                                      000001
10231987175000168817800093673    00005914                     000059140000000000000109                     I015914      31011800000000035003410000017N261217050900000000000103101180000000000000000000000000000000000000000100030422175749LENI MENDUIÑA DA SILVA GUERRA          RUA NETUNO N 459 FUNDOS                 PAVUNA - RIO21525690RIO DE JANEIRO RJUNIAO UMB DOS CULTOS AFRO BRAS    31011810 000002
10231987175000168817800093673    00005913                     000059130000000000000109                     I015913      31011800000000035003410000017N261217050900000000000103101180000000000000000000000000000000000000000100001301453781CARLINDA AZEREDO MATOS                  RUA DOUTOR FERNANDO BRIGADAO N 17       RIACHAO - NO26279180NOVA IGUACU    RJUNIAO UMB DOS CULTOS AFRO BRAS    31011810 000003
10231987175000168817800093673    00005912                     000059120000000000000109                     I015912      31011800000000035003410000017N261217050900000000000103101180000000000000000000000000000000000000000100014604780706GILMAR GONCALVES FERREIRA               RUA DOIS BLOCO 2 CASA 27                ROCINHA - RI22451400RIO DE JANEIRO RJUNIAO UMB DOS CULTOS AFRO BRAS    31011810 000004
10231987175000168817800093673    00005911                     000059110000000000000109                     I015911      31011800000000035003410000017N261217050900000000000103101180000000000000000000000000000000000000000100064175499768TEREZA CRISTINA PIRES SILVA RO          RUA GOIAS LOTE 3 QUADRA 4               PLANALTO DO 24859300ITABORAI       RJUNIAO UMB DOS CULTOS AFRO BRAS    31011810 000005
10231987175000168817800093673    00005910                     000059100000000000000109                     I015910      31011800000000035003410000017N261217050900000000000103101180000000000000000000000000000000000000000100065929039704JUPIACU SALLES                          RUA ANDRE ROCHA QUADRA 83 LOTES 16 E 17 CURICICA - R22570000RIO DE JANEIRO RJUNIAO UMB DOS CULTOS AFRO BRAS    31011810 000006
10231987175000168817800093673    00005909                     000059090000000000000109                     I015909      31011800000000035003410000017N261217050900000000000103101180000000000000000000000000000000000000000100002171972726RAQUEL DE SOUZA MENESES                 RUA ROMENRO ZENDER N 271 ENTRADA APT 104RAMOS - RIO 21040080RIO DE JANEIRO RJUNIAO UMB DOS CULTOS AFRO BRAS    31011810 000007
10231987175000168817800093673    00005908                     000059080000000000000109                     I015908      31011800000000035003410000017N261217050900000000000103101180000000000000000000000000000000000000000100015834777724JOAO PAULO SALGUEIRO DA SILVA           RUA MANOEL DO NASCIMENTO N 134          IRAJA  - RIO21361510RIO DE JANEIRO RJUNIAO UMB DOS CULTOS AFRO BRAS    31011810 000008
10231987175000168817800093673    00005907                     000059070000000000000109                     I015907      31011800000000035003410000017N261217050900000000000103101180000000000000000000000000000000000000000100066003110782MARIA CLAUDIA DE LIMA FOLY              RUA JOAQUIM SOARES NETO N 467           NOVA AMERICA26021560NOVA IGUACU    RJUNIAO UMB DOS CULTOS AFRO BRAS    31011810 000009
10231987175000168817800093673    00005906                     000059060000000000000109                     I015906      31011800000000035003410000017N261217050900000000000103101180000000000000000000000000000000000000000100089044380710DENISE SAMPAIO DE MOURA MACIEL          RUA XAXA N 10 - RIO DAS PEDRAS          JACAREPAGUA 22753057RIO DE JANEIRO RJUNIAO UMB DOS CULTOS AFRO BRAS    31011810 000010
10231987175000168817800093673    00005905                     000059050000000000000109                     I015905      31011800000000035003410000017N261217050900000000000103101180000000000000000000000000000000000000000100025875159715SUELI DE OLIVEIRA DIAS                  AVENIDA DAS ALAGOAS N 1.200 - GARDENIA AJACAREPAGUA 22765451RIO DE JANEIRO RJUNIAO UMB DOS CULTOS AFRO BRAS    31011810 000011
10231987175000168817800093673    00005904                     000059040000000000000109                     I015904      31011800000000035003410000017N261217050900000000000103101180000000000000000000000000000000000000000100002638717703EDINO GOMES DE BARROS JUNIOR            RUA PARANA N 10                         MORRO DO ORI24400000SAO GONCALO    RJUNIAO UMB DOS CULTOS AFRO BRAS    31011810 000012
10231987175000168817800093673    00005903                     000059030000000000000109                     I015903      31011800000000035003410000017N261217050900000000000103101180000000000000000000000000000000000000000100000920173713JORGE DOS SANTOS LUCAS                  RUA PP, LOTE 5 QUADRA 48                JARDIM ANHAN25264360DUQUE DE CAXIASRJUNIAO UMB DOS CULTOS AFRO BRAS    31011810 000013
10231987175000168817800093673    00005902                     000059020000000000000109                     I015902      31011800000000035003410000017N261217050900000000000103101180000000000000000000000000000000000000000100000497155770CINTIA MARTIN                           RUA POCONE N 371                        ENCANTADO - 20745090RIO DE JANEIRO RJUNIAO UMB DOS CULTOS AFRO BRAS    31011810 000014
10231987175000168817800093673    00005901                     000059010000000000000109                     I015901      31011800000000035003410000017N261217050900000000000103101180000000000000000000000000000000000000000100043377483772FERNANDO HOLMES BURCHTEIN               RUA ALBANO N 902                        MAUA - MAGE 25926492MAGE           RJUNIAO UMB DOS CULTOS AFRO BRAS    31011810 000015
10231987175000168817800093673    00005900                     000059000000000000000109                     I015900      31011800000000035003410000017N261217050900000000000103101180000000000000000000000000000000000000000100009483806755MARCO ANTONIO ATAIDE DE MELO            TRAVESSA MARAPE N 3 FUNDOS              COSTA BARROS21515240RIO DE JANEIRO RJUNIAO UMB DOS CULTOS AFRO BRAS    31011810 000016
10231987175000168817800093673    00005899                     000058990000000000000109                     I015899      31011800000000035003410000017N261217050900000000000103101180000000000000000000000000000000000000000100013791358774TEREZINHA MENDONCA CORDEIRO             RUA SUEZ N 171                          JARDIM GUAND26298180NOVA IGUACU    RJUNIAO UMB DOS CULTOS AFRO BRAS    31011810 000017
10231987175000168817800093673    00005898                     000058980000000000000109                     I015898      31011800000000035003410000017N261217050900000000000103101180000000000000000000000000000000000000000100095341048768MARILENE CANDIDA                        RUA NOSSA SENHORA DA GUIA N 162         VILA NOVA DO26062192NOVA IGUACU    RJUNIAO UMB DOS CULTOS AFRO BRAS    31011810 000018
10231987175000168817800093673    00005897                     000058970000000000000109                     I015897      31011800000000035003410000017N261217050900000000000103101180000000000000000000000000000000000000000100001797738748PAULO CESAR LONATO SANTOS               ESTRADA GUANDU DO SAPE N 1450 BLOCO 18 ACENTRO - CAM22095072CAMPO GRANDE   RJUNIAO UMB DOS CULTOS AFRO BRAS    31011810 000019
10231987175000168817800093673    00005896                     000058960000000000000109                     I015896      31011800000000035003410000017N261217050900000000000103101180000000000000000000000000000000000000000100014492149759FILIPE FONSECA MARIANO                  RUA DONA JULIA N 16 FUNDOS              SEPETIBA - R23545570RIO DE JANEIRO RJUNIAO UMB DOS CULTOS AFRO BRAS    31011810 000020
10231987175000168817800093673    00005895                     000058950000000000000109                     I015895      31011800000000035003410000017N261217050900000000000103101180000000000000000000000000000000000000000100007214737760LEANDRO FRAGA DE OLIVEIRA               RUA VAZ LOBO N 522 - VAZ LOBO           VAZ LOBO - R21361030RIO DE JANEIRO RJUNIAO UMB DOS CULTOS AFRO BRAS    31011810 000021
10231987175000168817800093673    00005894                     000058940000000000000109                     I015894      31011800000000035003410000017N261217050900000000000103101180000000000000000000000000000000000000000100058101543791JANETE BARBOSA FERREIRA                 O MESMO                                 O MESMO     26127380BELFORD ROXO   RJUNIAO UMB DOS CULTOS AFRO BRAS    31011810 000022
10231987175000168817800093673    00005893                     000058930000000000000109                     I015893      31011800000000035003410000017N261217050900000000000103101180000000000000000000000000000000000000000100007545291778ANDRE LUIZ DA SILVA                     RUA VASCO DA GAMA N 677                 PARQUE ESTOR26063190NOVA IGUACU    RJUNIAO UMB DOS CULTOS AFRO BRAS    31011810 000023
10231987175000168817800093673    00005868                     000058680000000000000109                     I025868      31011800000000035003410000017N261217050900000000000103101180000000000000000000000000000000000000000100083493956720SAINT-CLAIR FERREIRA BARBOSA            RUA HONORIO PECANHA N 78                SEPETIBA - R23535127RIO DE JANEIRO RJUNIAO UMB DOS CULTOS AFRO BRAS    31011810 000024
10231987175000168817800093673    00001570                     000015700000000000000109                     I341570      20121700000000340003410000017N251017050900000000000102012170000000000000000000000000000000000000000100005395533796SONIA RIBEIRO LEAO                      RUA PROFESSOR NICANOR LENGRUBER, 118 - BREALENGO - R21760000RIO DE JANEIRO RJUNIAO UMB DOS CULTOS AFRO BRAS    20121710 000025
10231987175000168817800093673    00001548                     000015480000000000000109                     I011548      20121700000000400003410000017N251017050900000000000102012170000000000000000000000000000000000000000100002700085787IRENIO RIBEIRO NETTO                    RUA  JOSE ELEOTERIO  07                 CAMPO LINDO 23898220RIO DE JANEIRO RJUNIAO UMB DOS CULTOS AFRO BRAS    20121710 000026
10231987175000168817800093673    0000632                      000006320000000000000109                     I01632       20121700000000300003410000017N171017050900000000000102012170000000000000000000000000000000000000000100037035453772MARIA MARTHA DOS SANTOS                 RUA JARDIM OLINDA, 27                   CURICICA - J22710160RIO DE JANEIRO RJUNIAO UMB DOS CULTOS AFRO BRAS    20121710 000027
9                                                                                                                                                                                                                                                                                                                                                                                                         000028
