01REMESSA01COBRANCA       817800093673        União Umb dos Cultos Afro Bra341BANCO ITAU SA  080118                                                                                                                                                                                                                                                                                                      000001
10231987175000168817800093673    00007891                     000078910000000000000109                     I017891      28021800000000035003410000017N291217050900000000000102802180000000000000000000000000000000000000000100081473885787CELIA DA SILVA ALEXANDRE                AVENIDA MARECHAL FONTENELE N 4311 RUA SELOTEAMENTO V21750000RIO DE JANEIRO RJUNIAO UMB DOS CULTOS AFRO BRAS    28021810 000002
10231987175000168817800093673    00007889                     000078890000000000000109                     I027889      28021800000000035003410000017N291217050900000000000102802180000000000000000000000000000000000000000100060893265772RITA IZABEL THEODORO                    RUA CALMON N 250                        CURICICA - J22710350RIO DE JANEIRO RJUNIAO UMB DOS CULTOS AFRO BRAS    28021810 000003
10231987175000168817800093673    00007888                     000078880000000000000109                     I017888      28021800000000035003410000017N291217050900000000000102802180000000000000000000000000000000000000000100047059770763MARIA MATHIAS DE OLIVEIRA               RUA CAMBUCI N 38                        MUQUECA - BA27140280BARRA DO PIRAI RJUNIAO UMB DOS CULTOS AFRO BRAS    28021810 000004
10231987175000168817800093673    00007887                     000078870000000000000109                     I017887      28021800000000035003410000017N291217050900000000000102802180000000000000000000000000000000000000000100028711459700LEA MARIA GOMES FERREIRA                AVENIDA CANAL, 16                       VILAR DOS TE25560510SAO JOAO DE MERRJUNIAO UMB DOS CULTOS AFRO BRAS    28021810 000005
10231987175000168817800093673    00007884                     000078840000000000000109                     I017884      28021800000000035003410000017N291217050900000000000102802180000000000000000000000000000000000000000100000561922748SALVADOR MOLINA TRINDADE                RUA INARE  490                          CASCADURA - 21311190RIO DE JANEIRO RJUNIAO UMB DOS CULTOS AFRO BRAS    28021810 000006
10231987175000168817800093673    00007883                     000078830000000000000109                     I017883      28021800000000035003410000017N291217050900000000000102802180000000000000000000000000000000000000000100005412696740MONICA MIRALHA MESSINA                  O MESMO                                 O MESMO     21370350RIO DE JANEIRO RJUNIAO UMB DOS CULTOS AFRO BRAS    28021810 000007
10231987175000168817800093673    00007880                     000078800000000000000109                     I027880      28021800000000035003410000017N291217050900000000000102802180000000000000000000000000000000000000000100043171974720ELISABETH AUGUSTO DA COSTA              O MESMO                                 O MESMO     21231000RIO DE JANEIRO RJUNIAO UMB DOS CULTOS AFRO BRAS    28021810 000008
10231987175000168817800093673    00007872                     000078720000000000000109                     I017872      28021800000000035003410000017N291217050900000000000102802180000000000000000000000000000000000000000100001655794710ADRIANA QUEIROZ DE ARAUJO SOAR          RUA: SAMPAIO CORREIA Nº 113 - COLONIA  JACAREPAGUA 22713371RIO DE JANEIRO RJUNIAO UMB DOS CULTOS AFRO BRAS    28021810 000009
10231987175000168817800093673    00007868                     000078680000000000000109                     I017868      28021800000000035003410000017N291217050900000000000102802180000000000000000000000000000000000000000100001686254741ADELIA DE OLIVEIRA AZEVEDO              RUA CORONEL CAMISAO N 842               VISTA ALEGRE21250290RIO DE JANEIRO RJUNIAO UMB DOS CULTOS AFRO BRAS    28021810 000010
10231987175000168817800093673    00007331                     000073310000000000000109                     I017331      12011800000000105003410000017N281217050900000000000101201180000000000000000000000000000000000000000100005529010750JOELMA MELO DA SILVA                    RUA ELIEZER ALVES DA ROCHA, 226         RAUL VEIGA -24710640SAO GONCALO    RJUNIAO UMB DOS CULTOS AFRO BRAS    12011810 000011
10231987175000168817800093673    00007330                     000073300000000000000109                     I017330      10011800000000105003410000017N281217050900000000000101001180000000000000000000000000000000000000000100068567855772ZAILDA MASCARENHAS DOS SANTOS           RUA FRANCISCO ANTONIO NASCIMENTO, 57    MIGUEL COUTO26070467RIO DE JANEIRO RJUNIAO UMB DOS CULTOS AFRO BRAS    10011810 000012
10231987175000168817800093673    00007329                     000073290000000000000109                     I017329      15011800000000070003410000017N271217050900000000000101501180000000000000000000000000000000000000000100027686205720DENNIS CLARE                            RUA: RATICLIFF                          RIACHUELO   20950170RIO DE JANEIRO RJUNIAO UMB DOS CULTOS AFRO BRAS    15011810 000013
10231987175000168817800093673    00007328                     000073280000000000000109                     I017328      28021800000000035003410000017N271217050900000000000102802180000000000000000000000000000000000000000100001298660750ROSEMBERG EFIGENIO BARBOSA              RUA: TANCREDO MARTINS COSTA             ENGENHO DE D20730310RIO DE JANEIRO RJUNIAO UMB DOS CULTOS AFRO BRAS    28021810 000014
10231987175000168817800093673    00007327                     000073270000000000000109                     I017327      28021800000000035003410000017N271217050900000000000102802180000000000000000000000000000000000000000100050246534753TANIA MARIA DA SILVA OLIVEIRA           TRAVESSA: MARAJO                        LINDO PARQUE24420100SAO GONCALO    RJUNIAO UMB DOS CULTOS AFRO BRAS    28021810 000015
10231987175000168817800093673    00007326                     000073260000000000000109                     I017326      28021800000000035003410000017N271217050900000000000102802180000000000000000000000000000000000000000100006915594736CINTIA FERREIRA                         AVENIDA: DAS AMERICAS                   BARRA DA TIJ22631004RIO DE JANEIRO RJUNIAO UMB DOS CULTOS AFRO BRAS    28021810 000016
10231987175000168817800093673    00007325                     000073250000000000000109                     I017325      28021800000000035003410000017N271217050900000000000102802180000000000000000000000000000000000000000100011497058767DIEGO FERREIRA DA SILVA                 PRIMEIRO DE MAIO                        IPIRANGA    26293480NOVA IGUACU    RJUNIAO UMB DOS CULTOS AFRO BRAS    28021810 000017
10231987175000168817800093673    00007324                     000073240000000000000109                     I017324      28021800000000035003410000017N271217050900000000000102802180000000000000000000000000000000000000000100044415443753ELIDE LEANDRO BARBOSA                   RUA: ENGENHEIRO PERICLES RIBEIRO        FONSECA     24130350NITEROI        RJUNIAO UMB DOS CULTOS AFRO BRAS    28021810 000018
10231987175000168817800093673    00007323                     000073230000000000000109                     I017323      28021800000000035003410000017N271217050900000000000102802180000000000000000000000000000000000000000100003387547720APARECIDA DOS SANTOS                    RUA LAOS                                VILA HELIOPO26125170BELFORD ROXO   RJUNIAO UMB DOS CULTOS AFRO BRAS    28021810 000019
10231987175000168817800093673    00007322                     000073220000000000000109                     I017322      28021800000000035003410000017N271217050900000000000102802180000000000000000000000000000000000000000100062663810797PAULO AMERICO MOTTA DE AGUIAR           RUA CORURIPE                            MARECHAL HER21555490RIO DE JANEIRO RJUNIAO UMB DOS CULTOS AFRO BRAS    28021810 000020
10231987175000168817800093673    00007321                     000073210000000000000109                     I027321      28021800000000035003410000017N271217050900000000000102802180000000000000000000000000000000000000000100009409455766DANIELE MARTINS MEDEIROS DE FR          RUA D                                   BELA VISTA  23860000MANGARATIBA    RJUNIAO UMB DOS CULTOS AFRO BRAS    28021810 000021
10231987175000168817800093673    00007320                     000073200000000000000109                     I017320      28021800000000035003410000017N271217050900000000000102802180000000000000000000000000000000000000000100090219023700GUARACIARA CORREA PASCHOAL              RUA JOSE CABRAL                         VAL VERDE   26290783NOVA IGUACU    RJUNIAO UMB DOS CULTOS AFRO BRAS    28021810 000022
10231987175000168817800093673    00007319                     000073190000000000000109                     I017319      28021800000000035003410000017N271217050900000000000102802180000000000000000000000000000000000000000100000640795706CELIA REGINA ALVES DE SOUZA CO          ESTRADA: SAO PEDRO                      VISTA ALEGRE24725240SAO GONCALO    RJUNIAO UMB DOS CULTOS AFRO BRAS    28021810 000023
10231987175000168817800093673    00007318                     000073180000000000000109                     I017318      28021800000000035003410000017N271217050900000000000102802180000000000000000000000000000000000000000100007459837741LUIZ CARLOS CARDOSO                     O MESMO                                 O MESMO     25917040MAGE           RJUNIAO UMB DOS CULTOS AFRO BRAS    28021810 000024
10231987175000168817800093673    00007317                     000073170000000000000109                     I017317      28021800000000035003410000017N271217050900000000000102802180000000000000000000000000000000000000000100023970090563MARCIA VIEIRA SALES                     O MESMO                                 O MESMO     22740220RIO DE JANEIRO RJUNIAO UMB DOS CULTOS AFRO BRAS    28021810 000025
10231987175000168817800093673    00007316                     000073160000000000000109                     I017316      28021800000000035003410000017N271217050900000000000102802180000000000000000000000000000000000000000100011264005725MARECELO VIEIRA GUSMAN FILHO            MESMO                                   MESMO       23066470RIO DE JANEIRO RJUNIAO UMB DOS CULTOS AFRO BRAS    28021810 000026
10231987175000168817800093673    00007315                     000073150000000000000109                     I017315      28021800000000035003410000017N271217050900000000000102802180000000000000000000000000000000000000000100001343022738LUCIANA FIGUEIRO COUTINHO DA S          O MESMO                                 O MESMO     22785600RIO DE JANEIRO RJUNIAO UMB DOS CULTOS AFRO BRAS    28021810 000027
10231987175000168817800093673    00007314                     000073140000000000000109                     I017314      28021800000000035003410000017N271217050900000000000102802180000000000000000000000000000000000000000100006726905432DAYVIDY RAMON CANDIDO                   O MESMO                                 O MESMO     26415055JAPERI         RJUNIAO UMB DOS CULTOS AFRO BRAS    28021810 000028
10231987175000168817800093673    00007313                     000073130000000000000109                     I017313      28021800000000035003410000017N271217050900000000000102802180000000000000000000000000000000000000000100053531396749VITALINA DOS SANTOS                     RUA SAQUAREMA                           GRAMACHO    25035425DUQUE DE CAXIASRJUNIAO UMB DOS CULTOS AFRO BRAS    28021810 000029
10231987175000168817800093673    00007312                     000073120000000000000109                     I017312      28021800000000035003410000017N271217050900000000000102802180000000000000000000000000000000000000000100003604572746LUCIANA SANTOS DA SILVA DE LIM          O MESMO                                 O MESMO     25585110SAO JOAO DE MERRJUNIAO UMB DOS CULTOS AFRO BRAS    28021810 000030
10231987175000168817800093673    00007311                     000073110000000000000109                     I017311      28021800000000035003410000017N271217050900000000000102802180000000000000000000000000000000000000000100009445907728VICTOR DOS SANTOS ALLEN                 RUA PEDRO TELES                         SAO JOAO DE 25515032SAO JOAO DE MERRJUNIAO UMB DOS CULTOS AFRO BRAS    28021810 000031
10231987175000168817800093673    00007310                     000073100000000000000109                     I017310      28021800000000035003410000017N271217050900000000000102802180000000000000000000000000000000000000000100011549239759RENATA DE OLIVEIRA GASPAR               O MESMO                                 O MESMO     21350230RIO DE JANEIRO RJUNIAO UMB DOS CULTOS AFRO BRAS    28021810 000032
10231987175000168817800093673    00007308                     000073080000000000000109                     I017308      28021800000000035003410000017N271217050900000000000102802180000000000000000000000000000000000000000100015429555134OBIRACI SILVA DO NASCIMENTO             O MESMO                                 O MESMO     24756280SAO GONCALO    RJUNIAO UMB DOS CULTOS AFRO BRAS    28021810 000033
10231987175000168817800093673    00007307                     000073070000000000000109                     I017307      28021800000000035003410000017N271217050900000000000102802180000000000000000000000000000000000000000100012519709740KARINE NOVAIS DE ANDRADE                O MESMO                                 O MESMO     22780610RIO DE JANEIRO RJUNIAO UMB DOS CULTOS AFRO BRAS    28021810 000034
10231987175000168817800093673    00007306                     000073060000000000000109                     I017306      28021800000000020003410000017N271217050900000000000102802180000000000000000000000000000000000000000100015903167896PRISCILA APARECIDA SERRANO CLE          MESMO                                   MESMO       02251010SAO PAULO      SPUNIAO UMB DOS CULTOS AFRO BRAS    28021810 000035
10231987175000168817800093673    00007305                     000073050000000000000109                     I017305      28021800000000035003410000017N271217050900000000000102802180000000000000000000000000000000000000000100006864504778FABIO GUILHERME DOS SANTOS              O MESMO                                 O MESMO     24723190SAO GONCALO    RJUNIAO UMB DOS CULTOS AFRO BRAS    28021810 000036
10231987175000168817800093673    00007304                     000073040000000000000109                     I017304      28021800000000035003410000017N271217050900000000000102802180000000000000000000000000000000000000000100001234567890LUCIANO SOARES DA SILVA                 O MESMO                                 O MESMO     27910000MACAE          RJUNIAO UMB DOS CULTOS AFRO BRAS    28021810 000037
10231987175000168817800093673    00007303                     000073030000000000000109                     I017303      28021800000000035003410000017N271217050900000000000102802180000000000000000000000000000000000000000100013849060705LEONARDO ENEDINA DE MELO                O MESMO                                 O MESMO     26050517NOVA IGUACU    RJUNIAO UMB DOS CULTOS AFRO BRAS    28021810 000038
10231987175000168817800093673    00007302                     000073020000000000000109                     I017302      28021800000000035003410000017N271217050900000000000102802180000000000000000000000000000000000000000100085906743715FRANCISCA CELIA LEANDRO NEVES           O MESMO                                 O MESMO     21540460RIO DE JANEIRO RJUNIAO UMB DOS CULTOS AFRO BRAS    28021810 000039
10231987175000168817800093673    00007301                     000073010000000000000109                     I017301      28021800000000035003410000017N271217050900000000000102802180000000000000000000000000000000000000000100082391106734CASSIO SOUZA DA COSTA                   O MESMO                                 O MESMO     26112220BELFORD ROXO   RJUNIAO UMB DOS CULTOS AFRO BRAS    28021810 000040
10231987175000168817800093673    00007300                     000073000000000000000109                     I017300      28021800000000035003410000017N271217050900000000000102802180000000000000000000000000000000000000000100087798999787NILZETE DA CONCEICAO FELIX              O MESMO                                 O MESMO     25264030DUQUE DE CAXIASRJUNIAO UMB DOS CULTOS AFRO BRAS    28021810 000041
10231987175000168817800093673    00007299                     000072990000000000000109                     I017299      28021800000000035003410000017N271217050900000000000102802180000000000000000000000000000000000000000100002882629729ANA PAULA DE SOUZA RIBEIRO VIL          O MESMO                                 O MESMO     21550130RIO DE JANEIRO RJUNIAO UMB DOS CULTOS AFRO BRAS    28021810 000042
10231987175000168817800093673    00007298                     000072980000000000000109                     I017298      28021800000000035003410000017N271217050900000000000102802180000000000000000000000000000000000000000100004842101490MARIA DE LOURDES FARIAS DOS SA          RUA HELIO DE OLIVEIRA LOTE 29 QUADRA 407PARADA MORAB25000000DUQUE DE CAXIASRJUNIAO UMB DOS CULTOS AFRO BRAS    28021810 000043
10231987175000168817800093673    00007297                     000072970000000000000109                     I017297      28021800000000035003410000017N271217050900000000000102802180000000000000000000000000000000000000000100004474701755JACIRA DE ALMEIDA BATISTA JULI          O MESMO                                 O MESMO     25225660DUQUE DE CAXIASRJUNIAO UMB DOS CULTOS AFRO BRAS    28021810 000044
10231987175000168817800093673    00007296                     000072960000000000000109                     I017296      28021800000000035003410000017N271217050900000000000102802180000000000000000000000000000000000000000100077068505791JOSE CLEZIO DE SOUZA                    O MESMO                                 O MESMO     21331100RIO DE JANEIRO RJUNIAO UMB DOS CULTOS AFRO BRAS    28021810 000045
10231987175000168817800093673    00007295                     000072950000000000000109                     I017295      28021800000000035003410000017N271217050900000000000102802180000000000000000000000000000000000000000100038378345734ADELIR MARIA DAS NEVES TEIXEIR          O MESMO                                 O MESMO     25267320DUQUE DE CAXIASRJUNIAO UMB DOS CULTOS AFRO BRAS    28021810 000046
10231987175000168817800093673    00007294                     000072940000000000000109                     I017294      28021800000000035003410000017N271217050900000000000102802180000000000000000000000000000000000000000100006424589880LUIZ CARLOS BRITO                       O MESMO                                 O MESMO     26063230NOVA IGUACU    RJUNIAO UMB DOS CULTOS AFRO BRAS    28021810 000047
10231987175000168817800093673    00007293                     000072930000000000000109                     I017293      28021800000000035003410000017N271217050900000000000102802180000000000000000000000000000000000000000100002413242708NIVEA MARIA NARCIZO CONCEICAO           O MESMO                                 O MESMO     24344565NITEROI        RJUNIAO UMB DOS CULTOS AFRO BRAS    28021810 000048
10231987175000168817800093673    00007292                     000072920000000000000109                     I017292      28021800000000035003410000017N271217050900000000000102802180000000000000000000000000000000000000000100007299785757EDSON NUNES DE SOUZA FILHO              O MESMO                                 O MESMO     24415050SAO GONCALO    RJUNIAO UMB DOS CULTOS AFRO BRAS    28021810 000049
10231987175000168817800093673    00007291                     000072910000000000000109                     I017291      28021800000000035003410000017N271217050900000000000102802180000000000000000000000000000000000000000100009250353782LUIZ CARLOS MATOLA                      APIACA                                  JARDIM PRIMA25056270DUQUE DE CAXIASRJUNIAO UMB DOS CULTOS AFRO BRAS    28021810 000050
10231987175000168817800093673    00007290                     000072900000000000000109                     I017290      28021800000000035003410000017N271217050900000000000102802180000000000000000000000000000000000000000100002209208777ELIELSON DOS SANTOS CARVALHAES          RUA TRES QUADRA 21 LOTE 17              LAGOINHA - N26296295NOVA IGUACU    RJUNIAO UMB DOS CULTOS AFRO BRAS    28021810 000051
10231987175000168817800093673    00007289                     000072890000000000000109                     I017289      28021800000000035003410000017N271217050900000000000102802180000000000000000000000000000000000000000100012345678910LUCIANA LUISA PEREIRA                   AVENIDA PORTO SEGURO N 469              LAGOMAR - MA27966870MACAE          RJUNIAO UMB DOS CULTOS AFRO BRAS    28021810 000052
10231987175000168817800093673    00007288                     000072880000000000000109                     I017288      28021800000000035003410000017N271217050900000000000102802180000000000000000000000000000000000000000100012464631728DIEGO TACITO COSTA HENRIQUE             RUA YONE MUZZI N 59                     MALVINAS - M27946310MACAE          RJUNIAO UMB DOS CULTOS AFRO BRAS    28021810 000053
10231987175000168817800093673    00007286                     000072860000000000000109                     I017286      28021800000000035003410000017N271217050900000000000102802180000000000000000000000000000000000000000100078514533568PAULO SERGIO SANTOS SANTANA             RUA: W 12 -  TRAVESSA SENA CASA 10      LAGOMAR - MA27966590MACAE          RJUNIAO UMB DOS CULTOS AFRO BRAS    28021810 000054
10231987175000168817800093673    00007285                     000072850000000000000109                     I017285      28021800000000035003410000017N271217050900000000000102802180000000000000000000000000000000000000000100010267774702NATHALIA SOUTELINHO FERREIRA            MARIA NATALIA                           GUARATIBA   23028270RIO DE JANEIRO RJUNIAO UMB DOS CULTOS AFRO BRAS    28021810 000055
10231987175000168817800093673    00007284                     000072840000000000000109                     I017284      28021800000000035003410000017N271217050900000000000102802180000000000000000000000000000000000000000100007208431701WEMERSON JOAO FARIAS DA SILVA           RUA: C N 3 LOTE 3 QUADRA G              SEPETIBA - R23545040RIO DE JANEIRO RJUNIAO UMB DOS CULTOS AFRO BRAS    28021810 000056
10231987175000168817800093673    00007283                     000072830000000000000109                     I017283      28021800000000035003410000017N271217050900000000000102802180000000000000000000000000000000000000000100073960560710CLAUDIA MARIA DE OLIVEIRA DOS           RUA: CARATUVA N 145                     JARDIM SULAC22725020RIO DE JANEIRO RJUNIAO UMB DOS CULTOS AFRO BRAS    28021810 000057
10231987175000168817800093673    00007282                     000072820000000000000109                     I017282      28021800000000035003410000017N271217050900000000000102802180000000000000000000000000000000000000000100014933850704LIDIA GABRIELLE DIAS RIBEIRO            RUA JORGE BRAGANCA SN LOTE 28 QUADRA 70 BOM PASTOR -26110080BELFORD ROXO   RJUNIAO UMB DOS CULTOS AFRO BRAS    28021810 000058
10231987175000168817800093673    00007281                     000072810000000000000109                     I017281      28021800000000035003410000017N271217050900000000000102802180000000000000000000000000000000000000000100097990531704CICERO ROGERIO DA SILVA MATOS           RUA: ROBERTO N 99                       VILA GUIMARA26088425NOVA IGUACU    RJUNIAO UMB DOS CULTOS AFRO BRAS    28021810 000059
10231987175000168817800093673    00007280                     000072800000000000000109                     I017280      28021800000000035003410000017N271217050900000000000102802180000000000000000000000000000000000000000100001478776790CLEUSA FERREIRA PEREIRA                 RUA THEREMIN N 393                      COELHO NETO 21530290RIO DE JANEIRO RJUNIAO UMB DOS CULTOS AFRO BRAS    28021810 000060
10231987175000168817800093673    00007279                     000072790000000000000109                     I017279      28021800000000035003410000017N271217050900000000000102802180000000000000000000000000000000000000000100067424647734MARCIA VALERIA VALIATI DOS SAN          RUA CONSTANCA BARBOSA N 65 APT 202      MEIER - RIO 20735090RIO DE JANEIRO RJUNIAO UMB DOS CULTOS AFRO BRAS    28021810 000061
10231987175000168817800093673    00007278                     000072780000000000000109                     I017278      28021800000000035003410000017N271217050900000000000102802180000000000000000000000000000000000000000100002621693717JUREMA DE OLIVEIRA RODRIGUES            ESTRADA INTENDENTE MAGALHAES N 196 APT 1CAMPINHO - R21341330RIO DE JANEIRO RJUNIAO UMB DOS CULTOS AFRO BRAS    28021810 000062
10231987175000168817800093673    00007277                     000072770000000000000109                     I027277      28021800000000035003410000017N271217050900000000000102802180000000000000000000000000000000000000000100043895255734LUIZ ANTONIO GUEDES ALVES               RUA ANANY CHARLES VIEIRA N 40           JARDIM GUAPI25943383GUAPIMIRIM     RJUNIAO UMB DOS CULTOS AFRO BRAS    28021810 000063
10231987175000168817800093673    00007276                     000072760000000000000109                     I017276      28021800000000035003410000017N271217050900000000000102802180000000000000000000000000000000000000000100010292272766MARCIA JUPIRA SANTOS GONZAGA            RUA ANTONIO FELIX N 457                 CENTRO - NIL26520081NILOPOLIS      RJUNIAO UMB DOS CULTOS AFRO BRAS    28021810 000064
10231987175000168817800093673    00007275                     000072750000000000000109                     I017275      28021800000000035003410000017N271217050900000000000102802180000000000000000000000000000000000000000100090490894704EVELINE DA CONCEICAO                    AVENIDA ATLANTIDA  SN                   LAGOMAR - MA27966000MACAE          RJUNIAO UMB DOS CULTOS AFRO BRAS    28021810 000065
10231987175000168817800093673    00007274                     000072740000000000000109                     I017274      28021800000000035003410000017N271217050900000000000102802180000000000000000000000000000000000000000100013397736781JOVANE RANGEL DA SILVA                  RUA SILVA JARDIM N 200                  CENTRO - MAC27910340MACAE          RJUNIAO UMB DOS CULTOS AFRO BRAS    28021810 000066
10231987175000168817800093673    00007273                     000072730000000000000109                     I017273      28021800000000035003410000017N271217050900000000000102802180000000000000000000000000000000000000000100004188514760LUIZ CARLOS PEREIRA DA SILVA            RUA W N 24 TRAVESSA 13                  LAGOMAR - MA27966755MACAE          RJUNIAO UMB DOS CULTOS AFRO BRAS    28021810 000067
10231987175000168817800093673    00007272                     000072720000000000000109                     I017272      28021800000000035003410000017N271217050900000000000102802180000000000000000000000000000000000000000100045672512704MARLUCIA AMADOR DO SERRO PINTO          RUA MARTHA ALCANTARA FARES              MARIA ANGELI25940000GUAPIMIRIM     RJUNIAO UMB DOS CULTOS AFRO BRAS    28021810 000068
10231987175000168817800093673    00007271                     000072710000000000000109                     I017271      28021800000000035003410000017N271217050900000000000102802180000000000000000000000000000000000000000100016492108760TIAGO LOPES DE AZEVEDO SILVA            RUA X N 24 QUADRA 82                    PARADA MODEL25943365GUAPIMIRIM     RJUNIAO UMB DOS CULTOS AFRO BRAS    28021810 000069
9                                                                                                                                                                                                                                                                                                                                                                                                         000070
