01REMESSA01COBRANCA       817800093673        Uni찾o Umb dos Cultos Afro Bra341BANCO ITAU SA  020119                                                                                                                                                                                                                                                                                                      000001
10231987175000168817800093673    000039148                    000391480000000000000109                     I0239148     30031900000000040003410000017N261218104700000000000103003190000000000000000000000000000000000000000100016424589880LUIZ CARLOS BRITO                       RUA DA LIBERDADE                        TINGUA      26063230NOVA IGUACU    RJUNIAO UMB DOS CULTOS AFRO BRAS    30031910 000002
10231987175000168817800093673    000039143                    000391430000000000000109                     I0239143     30031900000000040003410000017N261218104700000000000103003190000000000000000000000000000000000000000100068424647734MARCIA VALERIA VALIATI DOS SAN          RUA GOMES CARNEIRO                      VILA URUSSA20735090RIO DE JANEIRO RJUNIAO UMB DOS CULTOS AFRO BRAS    30031910 000003
10231987175000168817800093673    000038748                    000387480000000000000109                     I0238748     30031900000000040003410000017N261218104700000000000103003190000000000000000000000000000000000000000100096322888749DAUREMA CONCEICAO DOCASAR SERA          RUA CORONEL SILVIO LISBOA DA CUNHA      NOSSA SENHOR25964340TERESOPOLIS    RJUNIAO UMB DOS CULTOS AFRO BRAS    30031910 000004
10231987175000168817800093673    000038546                    000385460000000000000109                     I0238546     30031900000000040003410000017N261218104700000000000103003190000000000000000000000000000000000000000100075310112715MAMEDE DA SILVA ANDRADE                 RUA FISCAL JOSE FIGUEIRA                SANTO ANTONI27115120BARRA DO PIRAI RJUNIAO UMB DOS CULTOS AFRO BRAS    30031910 000005
10231987175000168817800093673    000038186                    000381860000000000000109                     I0238186     30031900000000040003410000017N261218104700000000000103003190000000000000000000000000000000000000000100071406085715VALDENIR CORNELIO                       RUA DAS VIOLETAS                        SEPETIBA    23530000RIO DE JANEIRO RJUNIAO UMB DOS CULTOS AFRO BRAS    30031910 000006
10231987175000168817800093673    000038042                    000380420000000000000109                     I0238042     30031900000000040003410000017N261218104700000000000103003190000000000000000000000000000000000000000100002152945727CARLOS HENRIQUE SANTOS LIRA             RUA: DOS COQUEIROS                      CATUMBI     20251330RIO DE JANEIRO RJUNIAO UMB DOS CULTOS AFRO BRAS    30031910 000007
10231987175000168817800093673    000038016                    000380160000000000000109                     I0238016     30031900000000040003410000017N261218104700000000000103003190000000000000000000000000000000000000000100000059525738MONICA SOARES MAGALHAES                 RUA AMALIA                              QUINTINO    21380400RIO DE JANEIRO RJUNIAO UMB DOS CULTOS AFRO BRAS    30031910 000008
10231987175000168817800093673    000037983                    000379830000000000000109                     I0237983     30031900000000040003410000017N261218104700000000000103003190000000000000000000000000000000000000000100001578595762CASSIA MARIA DE OLIVEIRA                RUA CEARA                               PIABETA     25932145MAGE           RJUNIAO UMB DOS CULTOS AFRO BRAS    30031910 000009
10231987175000168817800093673    000037917                    000379170000000000000109                     I0237917     30031900000000040003410000017N261218104700000000000103003190000000000000000000000000000000000000000100003601205718MARIA APARECIDA FERREIRA                RUA NOE MOREIRA DE NOBREGA              PARQUE RESID26032640NOVA IGUACU    RJUNIAO UMB DOS CULTOS AFRO BRAS    30031910 000010
10231987175000168817800093673    000037800                    000378000000000000000109                     I0237800     30031900000000040003410000017N261218104700000000000103003190000000000000000000000000000000000000000100093151179720ELIZABETH DA SILVA GOIS                 RUA RAFAEL HAENNY                       SEPETIBA    23535640RIO DE JANEIRO RJUNIAO UMB DOS CULTOS AFRO BRAS    30031910 000011
10231987175000168817800093673    000037229                    000372290000000000000109                     I0237229     28021900000000040003410000017N261218104700000000000102802190000000000000000000000000000000000000000100016424589880LUIZ CARLOS BRITO                       RUA DA LIBERDADE                        TINGUA      26063230NOVA IGUACU    RJUNIAO UMB DOS CULTOS AFRO BRAS    28021910 000012
10231987175000168817800093673    000037224                    000372240000000000000109                     I0237224     28021900000000040003410000017N261218104700000000000102802190000000000000000000000000000000000000000100068424647734MARCIA VALERIA VALIATI DOS SAN          RUA GOMES CARNEIRO                      VILA URUSSA20735090RIO DE JANEIRO RJUNIAO UMB DOS CULTOS AFRO BRAS    28021910 000013
10231987175000168817800093673    000036829                    000368290000000000000109                     I0236829     28021900000000040003410000017N261218104700000000000102802190000000000000000000000000000000000000000100096322888749DAUREMA CONCEICAO DOCASAR SERA          RUA CORONEL SILVIO LISBOA DA CUNHA      NOSSA SENHOR25964340TERESOPOLIS    RJUNIAO UMB DOS CULTOS AFRO BRAS    28021910 000014
10231987175000168817800093673    000036629                    000366290000000000000109                     I0236629     28021900000000040003410000017N261218104700000000000102802190000000000000000000000000000000000000000100075310112715MAMEDE DA SILVA ANDRADE                 RUA FISCAL JOSE FIGUEIRA                SANTO ANTONI27115120BARRA DO PIRAI RJUNIAO UMB DOS CULTOS AFRO BRAS    28021910 000015
10231987175000168817800093673    000036270                    000362700000000000000109                     I0236270     28021900000000040003410000017N261218104700000000000102802190000000000000000000000000000000000000000100071406085715VALDENIR CORNELIO                       RUA DAS VIOLETAS                        SEPETIBA    23530000RIO DE JANEIRO RJUNIAO UMB DOS CULTOS AFRO BRAS    28021910 000016
10231987175000168817800093673    000036127                    000361270000000000000109                     I0236127     28021900000000040003410000017N261218104700000000000102802190000000000000000000000000000000000000000100002152945727CARLOS HENRIQUE SANTOS LIRA             RUA: DOS COQUEIROS                      CATUMBI     20251330RIO DE JANEIRO RJUNIAO UMB DOS CULTOS AFRO BRAS    28021910 000017
10231987175000168817800093673    000036101                    000361010000000000000109                     I0236101     28021900000000040003410000017N261218104700000000000102802190000000000000000000000000000000000000000100000059525738MONICA SOARES MAGALHAES                 RUA AMALIA                              QUINTINO    21380400RIO DE JANEIRO RJUNIAO UMB DOS CULTOS AFRO BRAS    28021910 000018
10231987175000168817800093673    000036068                    000360680000000000000109                     I0236068     28021900000000040003410000017N261218104700000000000102802190000000000000000000000000000000000000000100001578595762CASSIA MARIA DE OLIVEIRA                RUA CEARA                               PIABETA     25932145MAGE           RJUNIAO UMB DOS CULTOS AFRO BRAS    28021910 000019
10231987175000168817800093673    000036002                    000360020000000000000109                     I0236002     28021900000000040003410000017N261218104700000000000102802190000000000000000000000000000000000000000100003601205718MARIA APARECIDA FERREIRA                RUA NOE MOREIRA DE NOBREGA              PARQUE RESID26032640NOVA IGUACU    RJUNIAO UMB DOS CULTOS AFRO BRAS    28021910 000020
10231987175000168817800093673    000035886                    000358860000000000000109                     I0235886     28021900000000040003410000017N261218104700000000000102802190000000000000000000000000000000000000000100093151179720ELIZABETH DA SILVA GOIS                 RUA RAFAEL HAENNY                       SEPETIBA    23535640RIO DE JANEIRO RJUNIAO UMB DOS CULTOS AFRO BRAS    28021910 000021
10231987175000168817800093673    000035841                    000358410000000000000109                     I0235841     28021900000000040003410000017N261218104700000000000102802190000000000000000000000000000000000000000100001799273709ANSELMO FERREIRA DEGENAR                RUA CARLOS LACERDA                      JARDIM DA PO26000000RIO DE JANEIRO RJUNIAO UMB DOS CULTOS AFRO BRAS    28021910 000022
10231987175000168817800093673    000035317                    000353170000000000000109                     I0235317     31011900000000040003410000017N261218104700000000000103101190000000000000000000000000000000000000000100016424589880LUIZ CARLOS BRITO                       RUA DA LIBERDADE                        TINGUA      26063230NOVA IGUACU    RJUNIAO UMB DOS CULTOS AFRO BRAS    31011910 000023
10231987175000168817800093673    000035312                    000353120000000000000109                     I0235312     31011900000000040003410000017N261218104700000000000103101190000000000000000000000000000000000000000100068424647734MARCIA VALERIA VALIATI DOS SAN          RUA GOMES CARNEIRO                      VILA URUSSA20735090RIO DE JANEIRO RJUNIAO UMB DOS CULTOS AFRO BRAS    31011910 000024
10231987175000168817800093673    000034919                    000349190000000000000109                     I0234919     31011900000000040003410000017N261218104700000000000103101190000000000000000000000000000000000000000100096322888749DAUREMA CONCEICAO DOCASAR SERA          RUA CORONEL SILVIO LISBOA DA CUNHA      NOSSA SENHOR25964340TERESOPOLIS    RJUNIAO UMB DOS CULTOS AFRO BRAS    31011910 000025
10231987175000168817800093673    000034719                    000347190000000000000109                     I0234719     31011900000000040003410000017N261218104700000000000103101190000000000000000000000000000000000000000100075310112715MAMEDE DA SILVA ANDRADE                 RUA FISCAL JOSE FIGUEIRA                SANTO ANTONI27115120BARRA DO PIRAI RJUNIAO UMB DOS CULTOS AFRO BRAS    31011910 000026
10231987175000168817800093673    000034362                    000343620000000000000109                     I0234362     31011900000000040003410000017N261218104700000000000103101190000000000000000000000000000000000000000100071406085715VALDENIR CORNELIO                       RUA DAS VIOLETAS                        SEPETIBA    23530000RIO DE JANEIRO RJUNIAO UMB DOS CULTOS AFRO BRAS    31011910 000027
10231987175000168817800093673    000034219                    000342190000000000000109                     I0234219     31011900000000040003410000017N261218104700000000000103101190000000000000000000000000000000000000000100002152945727CARLOS HENRIQUE SANTOS LIRA             RUA: DOS COQUEIROS                      CATUMBI     20251330RIO DE JANEIRO RJUNIAO UMB DOS CULTOS AFRO BRAS    31011910 000028
10231987175000168817800093673    000034195                    000341950000000000000109                     I0234195     31011900000000040003410000017N261218104700000000000103101190000000000000000000000000000000000000000100000059525738MONICA SOARES MAGALHAES                 RUA AMALIA                              QUINTINO    21380400RIO DE JANEIRO RJUNIAO UMB DOS CULTOS AFRO BRAS    31011910 000029
10231987175000168817800093673    000034163                    000341630000000000000109                     I0234163     31011900000000040003410000017N261218104700000000000103101190000000000000000000000000000000000000000100001578595762CASSIA MARIA DE OLIVEIRA                RUA CEARA                               PIABETA     25932145MAGE           RJUNIAO UMB DOS CULTOS AFRO BRAS    31011910 000030
10231987175000168817800093673    000034097                    000340970000000000000109                     I0234097     31011900000000040003410000017N261218104700000000000103101190000000000000000000000000000000000000000100003601205718MARIA APARECIDA FERREIRA                RUA NOE MOREIRA DE NOBREGA              PARQUE RESID26032640NOVA IGUACU    RJUNIAO UMB DOS CULTOS AFRO BRAS    31011910 000031
10231987175000168817800093673    000033982                    000339820000000000000109                     I0233982     31011900000000040003410000017N261218104700000000000103101190000000000000000000000000000000000000000100093151179720ELIZABETH DA SILVA GOIS                 RUA RAFAEL HAENNY                       SEPETIBA    23535640RIO DE JANEIRO RJUNIAO UMB DOS CULTOS AFRO BRAS    31011910 000032
10231987175000168817800093673    000033938                    000339380000000000000109                     I0233938     31011900000000040003410000017N261218104700000000000103101190000000000000000000000000000000000000000100001799273709ANSELMO FERREIRA DEGENAR                RUA CARLOS LACERDA                      JARDIM DA PO26000000RIO DE JANEIRO RJUNIAO UMB DOS CULTOS AFRO BRAS    31011910 000033
10231987175000168817800093673    000033565                    000335650000000000000109                     I0233565     31121800000000035003410000017N131218104700000000000103112180000000000000000000000000000000000000000100039233219704SEVERINO DA SILVA BARBOSA               RUA ENGENHEIRO BERNARDO SAIAO           COELHO DA RO25550810SAO JOAO DE MERRJUNIAO UMB DOS CULTOS AFRO BRAS    31121810 000034
10231987175000168817800093673    000033504                    000335040000000000000109                     I0233504     31121800000000350003410000017N011218104700000000000103112180000000000000000000000000000000000000000100003606187742WANDERLUCE GOMES DA SILVA               RUA TREZE DE MAIO                       CENTRO      25065190DUQUE DE CAXIASRJUNIAO UMB DOS CULTOS AFRO BRAS    31121810 000035
10231987175000168817800093673    000032798                    000327980000000000000109                     I0232798     20121800000000350003410000017N291018104700000000000102012180000000000000000000000000000000000000000100058183868720ZILDA SIMOES DO NASCIMENTO MAN          RUA IBITINGA                            PARQUE SAO B26167160BELFORD ROXO   RJUNIAO UMB DOS CULTOS AFRO BRAS    20121810 000036
10231987175000168817800093673    000032468                    000324680000000000000109                     I0232468     20121800000000350003410000017N291018104700000000000102012180000000000000000000000000000000000000000100096322888749DAUREMA CONCEICAO DOCASAR SERA          RUA CORONEL SILVIO LISBOA DA CUNHA      NOSSA SENHOR25964340TERESOPOLIS    RJUNIAO UMB DOS CULTOS AFRO BRAS    20121810 000037
10231987175000168817800093673    000031619                    000316190000000000000109                     I0231619     20121800000000350003410000017N291018104700000000000102012180000000000000000000000000000000000000000100071406085715VALDENIR CORNELIO                       RUA DAS VIOLETAS                        SEPETIBA    23530000RIO DE JANEIRO RJUNIAO UMB DOS CULTOS AFRO BRAS    20121810 000038
10231987175000168817800093673    000031002                    000310020000000000000109                     I0231002     20121800000000350003410000017N291018104700000000000102012180000000000000000000000000000000000000000100079758517791NEY PEREIRA LEITE                       RUA MARECHAL MARCIANO                   REALENGO    21735651RIO DE JANEIRO RJUNIAO UMB DOS CULTOS AFRO BRAS    20121810 000039
10231987175000168817800093673    000030984                    000309840000000000000109                     I0230984     20121800000000350003410000017N291018104700000000000102012180000000000000000000000000000000000000000100093151179720ELIZABETH DA SILVA GOIS                 RUA RAFAEL HAENNY                       SEPETIBA    23535640RIO DE JANEIRO RJUNIAO UMB DOS CULTOS AFRO BRAS    20121810 000040
10231987175000168817800093673    000030918                    000309180000000000000109                     I0230918     20121800000000350003410000017N291018104700000000000102012180000000000000000000000000000000000000000100001799273709ANSELMO FERREIRA DEGENAR                RUA CARLOS LACERDA                      JARDIM DA PO26000000RIO DE JANEIRO RJUNIAO UMB DOS CULTOS AFRO BRAS    20121810 000041
10231987175000168817800093673    000030321                    000303210000000000000109                     I0230321     20121800000000040003410000017N291018104700000000000102012180000000000000000000000000000000000000000100052889378772ANGELA MARIA DA SILVA ANDRADE           RUA WILSON GIL DA MATTA                 CENTRO      25515101SAO JOAO DE MERRJUNIAO UMB DOS CULTOS AFRO BRAS    20121810 000042
10231987175000168817800093673    000030064                    000300640000000000000109                     I0230064     20121800000000035003410000017N291018104700000000000102012180000000000000000000000000000000000000000100058183868720ZILDA SIMOES DO NASCIMENTO MAN          RUA IBITINGA                            PARQUE SAO B26167160BELFORD ROXO   RJUNIAO UMB DOS CULTOS AFRO BRAS    20121810 000043
10231987175000168817800093673    000030019                    000300190000000000000109                     I0230019     20121800000000035003410000017N291018104700000000000102012180000000000000000000000000000000000000000100063579588753EDSON DOS SANTOS ROSA                   RUA VENANCIO ADRES                      GRAMACHO    25036170DUQUE DE CAXIASRJUNIAO UMB DOS CULTOS AFRO BRAS    20121810 000044
10231987175000168817800093673    000029749                    000297490000000000000109                     I0229749     20121800000000035003410000017N291018104700000000000102012180000000000000000000000000000000000000000100000747523754CLAUDIARA TEIXEIRA DA SILVA             RUA CAMBUCI                             MUQUECA     27140280BARRA DO PIRAI RJUNIAO UMB DOS CULTOS AFRO BRAS    20121810 000045
10231987175000168817800093673    000029254                    000292540000000000000109                     I0229254     20121800000000035003410000017N291018104700000000000102012180000000000000000000000000000000000000000100079758517791NEY PEREIRA LEITE                       RUA MARECHAL MARCIANO                   REALENGO    21735651RIO DE JANEIRO RJUNIAO UMB DOS CULTOS AFRO BRAS    20121810 000046
10231987175000168817800093673    000028167                    000281670000000000000109                     I0228167     30111800000000035003410000017N200818104700000000000103011180000000000000000000000000000000000000000100058183868720ZILDA SIMOES DO NASCIMENTO MAN          RUA IBITINGA                            PARQUE SAO B26167160BELFORD ROXO   RJUNIAO UMB DOS CULTOS AFRO BRAS    30111810 000047
9                                                                                                                                                                                                                                                                                                                                                                                                         000048
