01REMESSA01COBRANCA       916200163100        União Umb dos Cultos Afro Bra341BANCO ITAU SA  200318                                                                                                                                                                                                                                                                                                      000001
10231987175000168916200163100    000013973                    000139730000000000000109                     I0213973     30051800000000035003410000017N210218104700000000000103005180000000000000000000000000000000000000000100003756140792LUIZ HENRIQUE DINIZ SIMOES              RUA  BUCARESTE, 833                     VIGARIO GERA21241250RIO DE JANEIRO RJUNIAO UMB DOS CULTOS AFRO BRAS    30051810 000002
10231987175000168916200163100    000013972                    000139720000000000000109                     I0213972     30041800000000035003410000017N210218104700000000000103004180000000000000000000000000000000000000000100003756140792LUIZ HENRIQUE DINIZ SIMOES              RUA  BUCARESTE, 833                     VIGARIO GERA21241250RIO DE JANEIRO RJUNIAO UMB DOS CULTOS AFRO BRAS    30041810 000003
10231987175000168916200163100    000013971                    000139710000000000000109                     I0213971     30031800000000035003410000017N210218104700000000000103003180000000000000000000000000000000000000000100003756140792LUIZ HENRIQUE DINIZ SIMOES              RUA  BUCARESTE, 833                     VIGARIO GERA21241250RIO DE JANEIRO RJUNIAO UMB DOS CULTOS AFRO BRAS    30031810 000004
10231987175000168916200163100    00009103                     000091030000000000000109                     I029103      15031800000000140003410000017N190218104700000000000101503180000000000000000000000000000000000000000100008016237746RAFAEL GRACA PEREIRA                    ESTRADA DA COVANCA, 360 CASA            TANQUE - JAC22735020RIO DE JANEIRO RJUNIAO UMB DOS CULTOS AFRO BRAS    15031810 000005
10231987175000168916200163100    00009068                     000090680000000000000109                     I029068      15021800000000140003410000017N250118104700000000000101502180000000000000000000000000000000000000000100008016237746RAFAEL GRACA PEREIRA                    ESTRADA DA COVANCA, 360 CASA            TANQUE - JAC22735020RIO DE JANEIRO RJUNIAO UMB DOS CULTOS AFRO BRAS    15021810 000006
10231987175000168916200163100    00008722                     000087220000000000000109                     I028722      31011800000000035003410000017N020118104700000000000103101180000000000000000000000000000000000000000100049007050710AMAURI PAULO RAMOS                      RUA SOMBREIROS, 361                     SANTA RITA -26050830NOVA IGUACU    RJUNIAO UMB DOS CULTOS AFRO BRAS    31011810 000007
10231987175000168916200163100    00004063                     000040630000000000000109                     I024063      22121700000000350003410000017N171117104700000000000102212170000000000000000000000000000000000000000100007476149739JAQUELINE DE ASSIS                      RUA: MIGUEL DE CARVALHO Nº 171         GUARATIBA - 23035640RIO DE JANEIRO RJUNIAO UMB DOS CULTOS AFRO BRAS    22121710 000008
10231987175000168916200163100    00004051                     000040510000000000000109                     I024051      22121700000000350003410000017N171117104700000000000102212170000000000000000000000000000000000000000100082272964753ALBANO TEIXEIRA NOVAES FILHO            O MESMO                                 O MESMO     26265550NOVA IGUACU    RJUNIAO UMB DOS CULTOS AFRO BRAS    22121710 000009
10231987175000168916200163100    00004042                     000040420000000000000109                     I024042      22121700000000350003410000017N171117104700000000000102212170000000000000000000000000000000000000000100011981552723DIEGO DE SIQUEIRA VIEIRA                RUA ACU N 339 FUNDOS                    REALENGO - R21765640RIO DE JANEIRO RJUNIAO UMB DOS CULTOS AFRO BRAS    22121710 000010
10231987175000168916200163100    00003714                     000037140000000000000109                     I023714      22121700000000350003410000017N171117104700000000000102212170000000000000000000000000000000000000000100005294848708AMANDA CONCEICAO DOS SANTOS E           RUA CORONEL BERNARDINO DE MELO,  2165 APCENTRO - NOV26255140RIO DE JANEIRO RJUNIAO UMB DOS CULTOS AFRO BRAS    22121710 000011
10231987175000168916200163100    00003666                     000036660000000000000109                     I023666      22121700000000350003410000017N171117104700000000000102212170000000000000000000000000000000000000000100063553830778WILLIAM RODRIGUES                       ESTRADA OTEIRO SANTO, 1022 CASA 3       TAQUARA - RI22713169RIO DE JANEIRO RJUNIAO UMB DOS CULTOS AFRO BRAS    22121710 000012
10231987175000168916200163100    00003650                     000036500000000000000109                     I023650      22121700000000350003410000017N171117104700000000000102212170000000000000000000000000000000000000000100027686205720DENNIS CLARE                            RUA: RATICLIFF                          RIACHUELO   20950170RIO DE JANEIRO RJUNIAO UMB DOS CULTOS AFRO BRAS    22121710 000013
10231987175000168916200163100    00003593                     000035930000000000000109                     I343593      22121700000000350003410000017N171117104700000000000102212170000000000000000000000000000000000000000100003756140792LUIZ HENRIQUE DINIZ SIMOES              RUA  BUCARESTE, 833                     VIGARIO GERA21241250RIO DE JANEIRO RJUNIAO UMB DOS CULTOS AFRO BRAS    22121710 000014
10231987175000168916200163100    00003583                     000035830000000000000109                     I023583      22121700000000350003410000017N171117104700000000000102212170000000000000000000000000000000000000000100022023461715SAULO EMMANUEL FERREIRA GUEDES          AVENIDA VICENTE DE CARVALHO, 1431 BLOCO VICENTE DE C21210003RIO DE JANEIRO RJUNIAO UMB DOS CULTOS AFRO BRAS    22121710 000015
10231987175000168916200163100    00003444                     000034440000000000000109                     I023444      22121700000000350003410000017N171117104700000000000102212170000000000000000000000000000000000000000100001087376750ALAN RICARDO DA CONCEICAO GAMA          O MESMO                                 O MESMO     22783116RIO DE JANEIRO RJUNIAO UMB DOS CULTOS AFRO BRAS    22121710 000016
10231987175000168916200163100    00003415                     000034150000000000000109                     I023415      22121700000000350003410000017N171117104700000000000102212170000000000000000000000000000000000000000100005556657718EDUARDO DE OLIVEIRA SILVA               AV. GETULIO DE MOURA LOTE 9 QUADRA 1    A.PORTO / S.25520660SAO JOAO DE MERRJUNIAO UMB DOS CULTOS AFRO BRAS    22121710 000017
10231987175000168916200163100    00002796                     000027960000000000000109                     I022796      31121700000000035003410000017N131117104700000000000103112170000000000000000000000000000000000000000100008997230719RAIMUNDA DE SOUZA MEDEIROS              RUA ARATICUM, 835 APTO 401              ANIL - JACAR22753500RIO DE JANEIRO RJUNIAO UMB DOS CULTOS AFRO BRAS    31121710 000018
10231987175000168916200163100    00002446                     000024460000000000000109                     I022446      31121700000000035003410000017N131117104700000000000103112170000000000000000000000000000000000000000100059475161791MARIA NAZARETE ALVES ANTONIO            TRAVESSA SANTOS DUMONT, 23 FUNDOS       ILHA DO GOVE21910490RIO DE JANEIRO RJUNIAO UMB DOS CULTOS AFRO BRAS    31121710 000019
10231987175000168916200163100    00002226                     000022260000000000000109                     I022226      31121700000000035003410000017N131117104700000000000103112170000000000000000000000000000000000000000100005294848708AMANDA CONCEICAO DOS SANTOS E           RUA CORONEL BERNARDINO DE MELO,  2165 APCENTRO - NOV26255140RIO DE JANEIRO RJUNIAO UMB DOS CULTOS AFRO BRAS    31121710 000020
10231987175000168916200163100    00002162                     000021620000000000000109                     I022162      31121700000000035003410000017N131117104700000000000103112170000000000000000000000000000000000000000100027686205720DENNIS CLARE                            RUA: RATICLIFF                          RIACHUELO   20950170RIO DE JANEIRO RJUNIAO UMB DOS CULTOS AFRO BRAS    31121710 000021
10231987175000168916200163100    00002094                     000020940000000000000109                     I022094      31121700000000035003410000017N131117104700000000000103112170000000000000000000000000000000000000000100022023461715SAULO EMMANUEL FERREIRA GUEDES          AVENIDA VICENTE DE CARVALHO, 1431 BLOCO VICENTE DE C21210003RIO DE JANEIRO RJUNIAO UMB DOS CULTOS AFRO BRAS    31121710 000022
10231987175000168916200163100    00001951                     000019510000000000000109                     I021951      31121700000000035003410000017N131117104700000000000103112170000000000000000000000000000000000000000100001087376750ALAN RICARDO DA CONCEICAO GAMA          O MESMO                                 O MESMO     22783116RIO DE JANEIRO RJUNIAO UMB DOS CULTOS AFRO BRAS    31121710 000023
9                                                                                                                                                                                                                                                                                                                                                                                                         000024
