01REMESSA01COBRANCA       817800093673        União Umb dos Cultos Afro Bra341BANCO ITAU SA  310519                                                                                                                                                                                                                                                                                                      000001
10231987175000168817800093673    000045334                    000453340000000000000109                     I0145334     10061900000000080003410000017N310519105700000000000101006190000000000000000000000000000000000000000100007802202779ROBERTO DE OLIVEIRA ALONSO NET          RUA SARAPUIN 104,                       SANTA TEREZI26585640MESQUITA       RJUNIAO UMB DOS CULTOS AFRO BRAS    10061915 000002
10231987175000168817800093673    000045333                    000453330000000000000109                     I0145333     28061900000000040003410000017N310519105700000000000102806190000000000000000000000000000000000000000100009817733700JULIANA SOUZA DA SILVA                  RUA SAMINN 884, APTº 102               IRAJA       21235210RIO DE JANEIRO RJUNIAO UMB DOS CULTOS AFRO BRAS    28061915 000003
10231987175000168817800093673    000045332                    000453320000000000000109                     I0145332     30061900000000040003410000017N310519105700000000000103006190000000000000000000000000000000000000000100000837723752SUELI REGINA DOS SANTOS DA SIL          ESTRADA DOS VIEIRASN 34, RUA LUCI RIBEIRPACIENCIA   23587610RIO DE JANEIRO RJUNIAO UMB DOS CULTOS AFRO BRAS    30061915 000004
10231987175000168817800093673    000045331                    000453310000000000000109                     I0145331     30061900000000040003410000017N310519105700000000000103006190000000000000000000000000000000000000000100008374303727FABIO LIMA DA SILVA                     RUA VINTE E SETEN 0, LOTE 25 QUADRA E S MORADA DO SO24865640ITABORAI       RJUNIAO UMB DOS CULTOS AFRO BRAS    30061915 000005
10231987175000168817800093673    000045330                    000453300000000000000109                     I0145330     30061900000000700003410000017N300519105700000000000103006190000000000000000000000000000000000000000100008953273765FABIANE SANTANA                         RUA NORTEN 1305,                        CIDADE HORAC25931262MAGE           RJUNIAO UMB DOS CULTOS AFRO BRAS    30061915 000006
10231987175000168817800093673    000045329                    000453290000000000000109                     I0145329     12061900000000080003410000017N300519105700000000000101206190000000000000000000000000000000000000000100053411200782ELZA MORAES DA SILVA                    RUA WALTER JORGE BRAGAN 19,             PARQUE TELES25581171SAO JOAO DE MERRJUNIAO UMB DOS CULTOS AFRO BRAS    12061915 000007
10231987175000168817800093673    000045326                    000453260000000000000109                     I0145326     10061900000000040003410000017N300519105700000000000101006190000000000000000000000000000000000000000100009146841750ALEXANDRE BORGES DO NASCIMENTO          RUA CIRTALINA VIANA TEIXEIRAN 58, XXXXXXPARQUE SAO V26271250NOVA IGUACU    RJUNIAO UMB DOS CULTOS AFRO BRAS    10061915 000008
9                                                                                                                                                                                                                                                                                                                                                                                                         000009
