01REMESSA01COBRANCA       916200163100        UniÃ£o Umb dos Cultos Afro Bra341BANCO ITAU SA  200519                                                                                                                                                                                                                                                                                                      000001
10231987175000168916200163100    000045284                    000452840000000000000109                     I0145284     30061900000000040003410000017N200519105700000000000103006190000000000000000000000000000000000000000100072490993704ELIANE DE OLIVEIRA FARIAS               RUA PEDRO OSORION 0, RUA B TRAVESSA 5 NÂGUARATIBA   23031280RIO DE JANEIRO RJUNIAO UMB DOS CULTOS AFRO BRAS    30061915 000002
10231987175000168916200163100    000045042                    000450420000000000000109                     I0245042     30041900000000040003410000017N110419105700000000000103004190000000000000000000000000000000000000000100058302140759CLAUDINA PADILHA DA SILVA               RUA ANTONIO FELIXN 1060,                NOSSA SENHOR26520632NILOPOLIS      RJUNIAO UMB DOS CULTOS AFRO BRAS    30041915 000003
10231987175000168916200163100    000044307                    000443070000000000000109                     I0244307     30061900000000040003410000017N130319105700000000000103006190000000000000000000000000000000000000000100013565688742CAIO CESAR DUARTE DE SOUZA              RUA CALUMBI N 300, APT 305              IRAJA       21361260RIO DE JANEIRO RJUNIAO UMB DOS CULTOS AFRO BRAS    30061915 000004
10231987175000168916200163100    000044290                    000442900000000000000109                     I0244290     30061900000000040003410000017N130319105700000000000103006190000000000000000000000000000000000000000100015475831777DOUGLAS DA SILVA DE SOUZA               RUA CAPINTUBAN 126,                     IRAJA       21361210RIO DE JANEIRO RJUNIAO UMB DOS CULTOS AFRO BRAS    30061915 000005
10231987175000168916200163100    000043957                    000439570000000000000109                     I0243957     30061900000000040003410000017N130319105700000000000103006190000000000000000000000000000000000000000100048357480772MARIA DE FATIMA FRANCO DE LIMA          RUA DONA CORINA N 285,                  PIABETA     25935718MAGE           RJUNIAO UMB DOS CULTOS AFRO BRAS    30061915 000006
10231987175000168916200163100    000043928                    000439280000000000000109                     I0243928     30061900000000040003410000017N130319105700000000000103006190000000000000000000000000000000000000000100011452515794DEBORAH CHRISTINA DA SILVA CAN          RUA LAZARO MONCEFN 53,                  SEPETIBA    23540190RIO DE JANEIRO RJUNIAO UMB DOS CULTOS AFRO BRAS    30061915 000007
10231987175000168916200163100    000043423                    000434230000000000000109                     I0243423     30061900000000040003410000017N130319105700000000000103006190000000000000000000000000000000000000000100083122869772ANDREIA OLIVEIRA DE MENEZES             RUA VICENTE PONTEN 41,                  JARDIM CARIO21921740RIO DE JANEIRO RJUNIAO UMB DOS CULTOS AFRO BRAS    30061915 000008
10231987175000168916200163100    000043046                    000430460000000000000109                     I0243046     30051900000000040003410000017N130319105700000000000103005190000000000000000000000000000000000000000100012119575789RAYKA DA SILVA BATISTA                  RUA PARAISON 33,                        PIABETA     25931638MAGE           RJUNIAO UMB DOS CULTOS AFRO BRAS    30051915 000009
10231987175000168916200163100    000042850                    000428500000000000000109                     I0242850     30051900000000040003410000017N130319105700000000000103005190000000000000000000000000000000000000000100003025076712MARIA QUITERIA DOS SANTOS PITA          RUA MISSIONARIO CHRISTIE N 43, B        QUISSAMA    25615250PETROPOLIS     RJUNIAO UMB DOS CULTOS AFRO BRAS    30051915 000010
10231987175000168916200163100    000042659                    000426590000000000000109                     I0242659     30051900000000040003410000017N130319105700000000000103005190000000000000000000000000000000000000000100013565688742CAIO CESAR DUARTE DE SOUZA              RUA CALUMBI N 300, APT 305              IRAJA       21361260RIO DE JANEIRO RJUNIAO UMB DOS CULTOS AFRO BRAS    30051915 000011
10231987175000168916200163100    000042642                    000426420000000000000109                     I0242642     30051900000000040003410000017N130319105700000000000103005190000000000000000000000000000000000000000100015475831777DOUGLAS DA SILVA DE SOUZA               RUA CAPINTUBAN 126,                     IRAJA       21361210RIO DE JANEIRO RJUNIAO UMB DOS CULTOS AFRO BRAS    30051915 000012
10231987175000168916200163100    000042311                    000423110000000000000109                     I0242311     30051900000000040003410000017N130319105700000000000103005190000000000000000000000000000000000000000100048357480772MARIA DE FATIMA FRANCO DE LIMA          RUA DONA CORINA N 285,                  PIABETA     25935718MAGE           RJUNIAO UMB DOS CULTOS AFRO BRAS    30051915 000013
10231987175000168916200163100    000042282                    000422820000000000000109                     I0242282     30051900000000040003410000017N130319105700000000000103005190000000000000000000000000000000000000000100011452515794DEBORAH CHRISTINA DA SILVA CAN          RUA LAZARO MONCEFN 53,                  SEPETIBA    23540190RIO DE JANEIRO RJUNIAO UMB DOS CULTOS AFRO BRAS    30051915 000014
10231987175000168916200163100    000041780                    000417800000000000000109                     I0241780     30051900000000040003410000017N130319105700000000000103005190000000000000000000000000000000000000000100083122869772ANDREIA OLIVEIRA DE MENEZES             RUA VICENTE PONTEN 41,                  JARDIM CARIO21921740RIO DE JANEIRO RJUNIAO UMB DOS CULTOS AFRO BRAS    30051915 000015
10231987175000168916200163100    000041021                    000410210000000000000109                     I0241021     30041900000000040003410000017N120319105700000000000103004190000000000000000000000000000000000000000100013565688742CAIO CESAR DUARTE DE SOUZA              RUA CALUMBI N 300, APT 305              IRAJA       21361260RIO DE JANEIRO RJUNIAO UMB DOS CULTOS AFRO BRAS    30041915 000016
10231987175000168916200163100    000041004                    000410040000000000000109                     I0241004     30041900000000040003410000017N120319105700000000000103004190000000000000000000000000000000000000000100015475831777DOUGLAS DA SILVA DE SOUZA               RUA CAPINTUBAN 126,                     IRAJA       21361210RIO DE JANEIRO RJUNIAO UMB DOS CULTOS AFRO BRAS    30041915 000017
10231987175000168916200163100    000040645                    000406450000000000000109                     I0240645     30041900000000040003410000017N120319105700000000000103004190000000000000000000000000000000000000000100011452515794DEBORAH CHRISTINA DA SILVA CAN          RUA LAZARO MONCEFN 53,                  SEPETIBA    23540190RIO DE JANEIRO RJUNIAO UMB DOS CULTOS AFRO BRAS    30041915 000018
10231987175000168916200163100    000040147                    000401470000000000000109                     I0240147     30041900000000040003410000017N120319105700000000000103004190000000000000000000000000000000000000000100083122869772ANDREIA OLIVEIRA DE MENEZES             RUA VICENTE PONTEN 41,                  JARDIM CARIO21921740RIO DE JANEIRO RJUNIAO UMB DOS CULTOS AFRO BRAS    30041915 000019
10231987175000168916200163100    000040110                    000401100000000000000109                     I0240110     30041900000000040003410000017N120319105700000000000103004190000000000000000000000000000000000000000100001087376750ALAN RICARDO DA CONCEICAO GAMA          ESTRADA DOS BANDEIRANTESN 11227, AVENIDAVARGEM PEQUE22783117RIO DE JANEIRO RJUNIAO UMB DOS CULTOS AFRO BRAS    30041915 000020
9                                                                                                                                                                                                                                                                                                                                                                                                         000021
