01REMESSA01COBRANCA       916200163100        União Umb dos Cultos Afro Bra341BANCO ITAU SA  010819                                                                                                                                                                                                                                                                                                      000001
10231987175000168916200163100    000050034                    000500340000000000000109                     I0150034     31081900000000400003410000017N010819105700000000001323108190000000000000000000000000000000000000000100080275664287RENATO RODRIGO SILVA BENTES             RUA JOAO TOCANTINS PENAN 110,           MARACAJA (MO66911040BELEM          PAUNIAO UMB DOS CULTOS AFRO BRAS    31081915 000002
21310820190000000000800                                                                                                                                                                                                                                                                                                                                                                                   000003
10231987175000168916200163100    000050033                    000500330000000000000109                     I0150033     31081900000000400003410000017N010819105700000000001323108190000000000000000000000000000000000000000100009207927748CRISTIANE DO NASCIMENTO                 RUA BARAON 23, BLOCO 19 APTº 204       PRACA SECA  21321620RIO DE JANEIRO RJUNIAO UMB DOS CULTOS AFRO BRAS    31081915 000004
21310820190000000000800                                                                                                                                                                                                                                                                                                                                                                                   000005
10231987175000168916200163100    000050032                    000500320000000000000109                     I0150032     31081900000000400003410000017N010819105700000000001323108190000000000000000000000000000000000000000100000582969727MARCIO RIBEIRO                          AVENIDA CORONEL SISSOM N 0, LOTE 7 QUADRPARADA ANGEL25266000DUQUE DE CAXIASRJUNIAO UMB DOS CULTOS AFRO BRAS    31081915 000006
21310820190000000000800                                                                                                                                                                                                                                                                                                                                                                                   000007
10231987175000168916200163100    000050031                    000500310000000000000109                     I0150031     31081900000000400003410000017N010819105700000000001323108190000000000000000000000000000000000000000100010537262792DIOGO LUCAS FERREIRA                    RUA JOAO BATISTA DE LIMAN 9,            AUSTIN      26086000NOVA IGUACU    RJUNIAO UMB DOS CULTOS AFRO BRAS    31081915 000008
21310820190000000000800                                                                                                                                                                                                                                                                                                                                                                                   000009
10231987175000168916200163100    000050030                    000500300000000000000109                     I0150030     31081900000000400003410000017N010819105700000000001323108190000000000000000000000000000000000000000100010593660706IGOR ANDRE AZEVEDO DE SOUZA             RUA IRMA DULCEN 0, LOTE 14 QUADRA 47    SANTA LUCIA 25275650DUQUE DE CAXIASRJUNIAO UMB DOS CULTOS AFRO BRAS    31081915 000010
21310820190000000000800                                                                                                                                                                                                                                                                                                                                                                                   000011
10231987175000168916200163100    000050029                    000500290000000000000109                     I0150029     31081900000000400003410000017N010819105700000000001323108190000000000000000000000000000000000000000100022293762840RODRIGO GONCALVES MOREIRA               RUA JOAQUIM LAVESN 0, QUADRA 60 LOTE 3  REALENGO    21760500RIO DE JANEIRO RJUNIAO UMB DOS CULTOS AFRO BRAS    31081915 000012
21310820190000000000800                                                                                                                                                                                                                                                                                                                                                                                   000013
10231987175000168916200163100    000050028                    000500280000000000000109                     I0150028     31081900000000400003410000017N010819105700000000001323108190000000000000000000000000000000000000000100001803265620BENEDITO QUINTINO                       RUA JOSE PARAISON 313,                  RESIDENCIAL 37136044ALFENAS        MGUNIAO UMB DOS CULTOS AFRO BRAS    31081915 000014
21310820190000000000800                                                                                                                                                                                                                                                                                                                                                                                   000015
10231987175000168916200163100    000050027                    000500270000000000000109                     I0150027     31081900000000400003410000017N010819105700000000001323108190000000000000000000000000000000000000000100035129179846MOACIR DOS SANTOS JUNIOR                RUA RENATO CAMPERONIN 305,              PARQUE DAS O14065786RIBEIRAO PRETO SPUNIAO UMB DOS CULTOS AFRO BRAS    31081915 000016
21310820190000000000800                                                                                                                                                                                                                                                                                                                                                                                   000017
10231987175000168916200163100    000050026                    000500260000000000000109                     I0150026     31081900000000400003410000017N010819105700000000001323108190000000000000000000000000000000000000000100010848973771ANDRE LUIZ DE OLIVEIRA CORNELI          TRAVESSA DA FEN 106, CASA 2             PADRE MIGUEL21775690RIO DE JANEIRO RJUNIAO UMB DOS CULTOS AFRO BRAS    31081915 000018
21310820190000000000800                                                                                                                                                                                                                                                                                                                                                                                   000019
10231987175000168916200163100    000050025                    000500250000000000000109                     I0150025     31081900000000400003410000017N010819105700000000001323108190000000000000000000000000000000000000000100008304731495JOSE CARLOS FERREIRA BARROS SA          RUA JOSE PILOTON 0,                     CENTRO      15420000GUARACI        SPUNIAO UMB DOS CULTOS AFRO BRAS    31081915 000020
21310820190000000000800                                                                                                                                                                                                                                                                                                                                                                                   000021
10231987175000168916200163100    000050024                    000500240000000000000109                     I0150024     31081900000000400003410000017N010819105700000000001323108190000000000000000000000000000000000000000100002372847740GERSON DA SILVA                         RUA MAMBUCABAN 207, FUNDOS              COELHO NETO 21510520RIO DE JANEIRO RJUNIAO UMB DOS CULTOS AFRO BRAS    31081915 000022
21310820190000000000800                                                                                                                                                                                                                                                                                                                                                                                   000023
10231987175000168916200163100    000050023                    000500230000000000000109                     I0150023     31081900000000400003410000017N010819105700000000001323108190000000000000000000000000000000000000000100013160787796ALEXANDRE LAURINDO FARIAS               RUA SILVA CORDEIRON 2, ROLLAS 2         SANTA CRUZ  23591390RIO DE JANEIRO RJUNIAO UMB DOS CULTOS AFRO BRAS    31081915 000024
21310820190000000000800                                                                                                                                                                                                                                                                                                                                                                                   000025
10231987175000168916200163100    000050022                    000500220000000000000109                     I0150022     31081900000000400003410000017N010819105700000000001323108190000000000000000000000000000000000000000100039359006866PAULO RICARDO PEREIRA                   RUA GERALDO PONCIANON 266,              JARDIM ARAPO07210150GUARULHOS      SPUNIAO UMB DOS CULTOS AFRO BRAS    31081915 000026
21310820190000000000800                                                                                                                                                                                                                                                                                                                                                                                   000027
10231987175000168916200163100    000050021                    000500210000000000000109                     I0150021     31081900000000400003410000017N010819105700000000001323108190000000000000000000000000000000000000000100064148726791IJOSELI RICARDO DA SILVA                TRAVESSA BEIRA MARN 4,                  PORTO DO ROS24472025SAO GONCALO    RJUNIAO UMB DOS CULTOS AFRO BRAS    31081915 000028
21310820190000000000800                                                                                                                                                                                                                                                                                                                                                                                   000029
10231987175000168916200163100    000050020                    000500200000000000000109                     I0150020     31081900000000400003410000017N010819105700000000001323108190000000000000000000000000000000000000000100011726123740ALAN PATRICK BRITO MENDES               RUA JOSE VENANCIO DE SOUZAN 181,        CALIFORNIA  26225340NOVA IGUACU    RJUNIAO UMB DOS CULTOS AFRO BRAS    31081915 000030
21310820190000000000800                                                                                                                                                                                                                                                                                                                                                                                   000031
10231987175000168916200163100    000050019                    000500190000000000000109                     I0250019     31081900000000000003410000017N010819105700000000000003108190000000000000000000000000000000000000000100008251113741THIAGO COSTA VILAS BOAS                 RUA BENEDITO DA SILVA LOMBAN 1093,      MUQUECA     27140290BARRA DO PIRAI RJUNIAO UMB DOS CULTOS AFRO BRAS    31081915 000032
10231987175000168916200163100    000050018                    000500180000000000000109                     I0150018     31081900000000400003410000017N010819105700000000001323108190000000000000000000000000000000000000000100008251113741THIAGO COSTA VILAS BOAS                 RUA BENEDITO DA SILVA LOMBAN 1093,      MUQUECA     27140290BARRA DO PIRAI RJUNIAO UMB DOS CULTOS AFRO BRAS    31081915 000033
21310820190000000000800                                                                                                                                                                                                                                                                                                                                                                                   000034
9                                                                                                                                                                                                                                                                                                                                                                                                         000035
