01REMESSA01COBRANCA       817800093673        União Umb dos Cultos Afro Bra341BANCO ITAU SA  090819                                                                                                                                                                                                                                                                                                      000001
10231987175000168817800093673    000054016                    000540160000000000000109                     I0154016     12081900000000040003410000017N080819105700000000000131208190000000000000000000000000000000000000000100070818169753ZILAH MELO DIAS DA SILVA                RUA FORMOSA DO ZUMBIN 184, APTº 106    ZUMBI       21930220RIO DE JANEIRO RJUNIAO UMB DOS CULTOS AFRO BRAS    12081915 000002
21120820190000000000080                                                                                                                                                                                                                                                                                                                                                                                   000003
10231987175000168817800093673    000053384                    000533840000000000000109                     I0253384     30081900000000250003410000017N020819105700000000000833008190000000000000000000000000000000000000000100071926305787PEDRO PAULO DE ARAUJO MALHEIRO          RUA RAFAEL BORDALON 31,                 GUARATIBA   23032590RIO DE JANEIRO RJUNIAO UMB DOS CULTOS AFRO BRAS    30081915 000004
21300820190000000000500                                                                                                                                                                                                                                                                                                                                                                                   000005
10231987175000168817800093673    000052185                    000521850000000000000109                     I0152185     30081900000000250003410000017N020819105700000000000833008190000000000000000000000000000000000000000211403717000109CENTRO ESPIRITA CRISTA MANTO D          RUA MARQUES DE SAN 127,                 BENTO RIBEIR21331110RIO DE JANEIRO RJUNIAO UMB DOS CULTOS AFRO BRAS    30081915 000006
21300820190000000000500                                                                                                                                                                                                                                                                                                                                                                                   000007
10231987175000168817800093673    000050457                    000504570000000000000109                     I0150457     10091900000000200003410000017N020819105700000000000661009190000000000000000000000000000000000000000100089226194572MARCOS CLEITON CARDOSO CUNHA            RUA 21 DE ABRILN 8, E                   ARENOSO     41211550SALVADOR       BAUNIAO UMB DOS CULTOS AFRO BRAS    10091915 000008
21100920190000000000400                                                                                                                                                                                                                                                                                                                                                                                   000009
10231987175000168817800093673    000049040                    000490400000000000000109                     I0249040     30091900000000040003410000017N100619105700000000000133009190000000000000000000000000000000000000000100002926668708ALCIONE CARVALHO DA COSTA               RUA PATRICIA PAGU GALVAON 0, BLOCO 2 APTJACAREPAGUA 22713535RIO DE JANEIRO RJUNIAO UMB DOS CULTOS AFRO BRAS    30091915 000010
21300920190000000000080                                                                                                                                                                                                                                                                                                                                                                                   000011
10231987175000168817800093673    000047601                    000476010000000000000109                     I0247601     30081900000000040003410000017N100619105700000000000133008190000000000000000000000000000000000000000100002926668708ALCIONE CARVALHO DA COSTA               RUA PATRICIA PAGU GALVAON 0, BLOCO 2 APTJACAREPAGUA 22713535RIO DE JANEIRO RJUNIAO UMB DOS CULTOS AFRO BRAS    30081915 000012
21300820190000000000080                                                                                                                                                                                                                                                                                                                                                                                   000013
10231987175000168817800093673    000046562                    000465620000000000000109                     I0246562     30071900000000040003410000017N100619105700000000000133007190000000000000000000000000000000000000000100008722484701ANA PAULA SILVA DA CRUZ                 RUA ELVIRA DA FONSECAN 261,             TANQUE      22733150RIO DE JANEIRO RJUNIAO UMB DOS CULTOS AFRO BRAS    30071915 000014
21300720190000000000080                                                                                                                                                                                                                                                                                                                                                                                   000015
10231987175000168817800093673    000046512                    000465120000000000000109                     I0246512     30071900000000040003410000017N100619105700000000000133007190000000000000000000000000000000000000000100053531396749VITALINA DOS SANTOS                     RUA SAQUAREMAN 1863,                    GRAMACHO    25035425DUQUE DE CAXIASRJUNIAO UMB DOS CULTOS AFRO BRAS    30071915 000016
21300720190000000000080                                                                                                                                                                                                                                                                                                                                                                                   000017
10231987175000168817800093673    000046255                    000462550000000000000109                     I0246255     30071900000000040003410000017N100619105700000000000133007190000000000000000000000000000000000000000100013180490756DIEGO CAVALCANTI DA SILVA               RUA CONDE DE RESENDEN 127,              BENTO RIBEIR21550600RIO DE JANEIRO RJUNIAO UMB DOS CULTOS AFRO BRAS    30071915 000018
21300720190000000000080                                                                                                                                                                                                                                                                                                                                                                                   000019
10231987175000168817800093673    000046171                    000461710000000000000109                     I0246171     30071900000000040003410000017N100619105700000000000133007190000000000000000000000000000000000000000100002926668708ALCIONE CARVALHO DA COSTA               RUA PATRICIA PAGU GALVAON 0, BLOCO 2 APTJACAREPAGUA 22713535RIO DE JANEIRO RJUNIAO UMB DOS CULTOS AFRO BRAS    30071915 000020
21300720190000000000080                                                                                                                                                                                                                                                                                                                                                                                   000021
10231987175000168817800093673    000045894                    000458940000000000000109                     I0245894     30071900000000040003410000017N100619105700000000000133007190000000000000000000000000000000000000000100070818169753ZILAH MELO DIAS DA SILVA                RUA FORMOSA DO ZUMBIN 184, APTº 106    ZUMBI       21930220RIO DE JANEIRO RJUNIAO UMB DOS CULTOS AFRO BRAS    30071915 000022
21300720190000000000080                                                                                                                                                                                                                                                                                                                                                                                   000023
10231987175000168817800093673    000045460                    000454600000000000000109                     I0245460     30071900000000040003410000017N100619105700000000000133007190000000000000000000000000000000000000000100095274987753PAULO SERGIO BARBOSA DA CUNHA           RUA IPIUNAN 16,                         JARDIM BANGU21866030RIO DE JANEIRO RJUNIAO UMB DOS CULTOS AFRO BRAS    30071915 000024
21300720190000000000080                                                                                                                                                                                                                                                                                                                                                                                   000025
9                                                                                                                                                                                                                                                                                                                                                                                                         000026
